=LDR  03375dam a2200697 a 4500
=001  ocm24174686\
=003  OCoLC
=005  20200523094546.4
=008  910710s1992\\\\ksu\\\\\\b\\\\101\0\eng\\
=010  \\$a   91027641 
=040  \\$aDLC$beng$cDLC$dPMC$dNLGGC$dBTCTA$dYDXCP$dBAKER$dDEBBG$dBDX$dEUM$dGBVCP$dOCLCO$dOCLCF$dOCLCQ$dGK8$dOCLCO$dOCL$dUKUOY$dDHA$dOCLCQ$dXFF$dOCLCQ$dCBA$dOCLCO
=019  \\$a1022751027
=020  \\$a0700605061$q(hardcover ;$qalk. paper)
=020  \\$a9780700605064$q(hardcover ;$qalk. paper)
=029  1\$aAU@$b000008346496
=029  1\$aDEBBG$bBV005458555
=029  1\$aDEBBG$bBV009000773
=029  1\$aDEBSZ$b027151204
=029  1\$aGBVCP$b112036783
=029  1\$aGEBAY$b1716603
=029  1\$aNLGGC$b088135276
=029  1\$aNZ1$b4205588
=029  1\$aYDXCP$b581534
=035  \\$a(OCoLC)24174686$z(OCoLC)1022751027
=050  00$aJC153.L83$bJ65 1992
=082  00$a320/.01/1$220
=084  \\$a89.06$2bcl
=084  \\$a08.24$2bcl
=084  \\$a3,6$2ssgn
=084  \\$aCF 5800$2rvk
=084  \\$aCF 5817$2rvk
=084  \\$aMC 4760$2rvk
=084  \\$aMC 4762$2rvk
=049  \\$aNLVA
=245  00$aJohn Locke's Two treatises of government :$bnew interpretations /$cedited by Edward J. Harpham.
=260  \\$aLawrence, Kan. :$bUniversity Press of Kansas,$c©1992.
=300  \\$axii, 239 pages ;$c24 cm
=336  \\$atext$btxt$2rdacontent
=337  \\$aunmediated$bn$2rdamedia
=338  \\$avolume$bnc$2rdacarrier
=500  \\$aEssays originally commissioned for a 1988 symposium in Dallas, Tex.
=504  \\$aIncludes bibliographical references (pages 209-230) and index.
=505  00$tLocke's Two treatises in perspective /$rEdward J. Harpham --$tThe politics of Locke's Two treatises of government /$rRichard Ashcraft --$tReligion and Locke's Two treatises of government /$rEldon Eisenach --$tRationality and the Two treatises /$rDavid Resnick --$tThe economic background to Locke's Two treatises of government /$rKaren Iversen Vaughn --$tCato's letters, John Locke, and the Republican paradigm /$rRonald Hamowy --$tLocke's Two treatises and contemporary thought : freedom, community, and the liberal tradition /$rStephen L. Newman.
=600  10$aLocke, John,$d1632-1704.$tTwo treatises of government.
=630  07$aTwo treatises of government (Locke, John)$2fast$0(OCoLC)fst01356293
=600  17$aLocke, John$d1632-1704$tTwo treatises of government$2gnd
=600  17$aLocke, John.$tTwo treatises of government.$2swd
=650  17$aTwo treatises of government (Locke)$2gtt
=653  \0$aLocke, John$aTwo treatises of government
=655  \7$aConference papers and proceedings.$2fast$0(OCoLC)fst01423772
=655  \7$aConference papers and proceedings.$2lcgft
=655  \4$aKongreß$zDallas (Tex.)$y1988.
=700  1\$aHarpham, Edward J.
=776  08$iOnline version:$tJohn Locke's Two treatises of government.$dLawrence, Kan. : University Press of Kansas, ©1992$w(OCoLC)555259968
=856  41$3Table of contents$uhttp://www.gbv.de/dms/bowker/toc/9780700605064.pdf
=938  \\$aBaker & Taylor$bBKTY$c29.95$d29.95$i0700605061$n0001996902$sactive
=938  \\$aBrodart$bBROD$n43458262$c{dollar}29.95
=938  \\$aBaker and Taylor$bBTCP$n91027641$c{dollar}29.95
=938  \\$aYBP Library Services$bYANK$n581534
=994  \\$a93$bNLVRD
=994  \\$cDELETED$bNLVRD$dRemoved from collection customer.57439.40

