=LDR  02515dam a2200637 a 4500
=001  ocm32313970\
=003  OCoLC
=005  20200523094902.8
=008  931229s1993\\\\gw\\\\\\\b\\\\001\0\ger\\
=010  \\$a   93248134 
=040  \\$aDLC$beng$cDLC$dNLGGC$dGBVCP$dHEBIS$dDEBBG$dOCLCQ$dOCLCF$dOCLCQ$dOCLCO$dOCLCA
=015  \\$a93,N20,0198$2dnb
=016  7\$a930800516$2DE-101
=020  \\$a3472016078
=020  \\$a9783472016076
=029  1\$aDEBBG$bBV007229668
=029  1\$aHEBIS$b024632740
=029  1\$aNLGGC$b107648024
=035  \\$a(OCoLC)32313970
=043  \\$ae-gx---
=050  00$aKK2123$b.H37 1993
=084  \\$a86.73$2bcl
=084  \\$aPT 334$2rvk
=084  \\$aPU 1540$2rvk
=049  \\$aNLVA
=100  1\$aHarten, Dirk J.
=245  14$aDas internationale Übereinkommen über die Haftung der Terminal Operator im internationalen Handelsverkehr und seine Anwendbarkeit auf die deutschen Güterumschlagsbetriebe /$cvon Dirk J. Harten.
=260  \\$aNeuwied :$bLuchterhand,$c©1993.
=300  \\$axli, 271 pages ;$c23 cm.
=336  \\$atext$btxt$2rdacontent
=337  \\$aunmediated$bn$2rdamedia
=338  \\$avolume$bnc$2rdacarrier
=490  1\$aSchriften zum Transportrecht ;$vHeft 7
=504  \\$aIncludes bibliographical references (pages xv-xxxi).
=630  07$aConvention on the liability of operators of transport terminals.$2swd
=630  07$aConvention on the liability of operators of transport terminals.$0(DE-588)4319785-1$2gnd
=650  \0$aFreight forwarders$xLegal status, laws, etc.$zGermany.
=650  \0$aFreight and freightage$zGermany.
=650  \0$aLiability (Law)$zGermany.
=650  \0$aFreight forwarders$xLegal status, laws, etc.
=650  \0$aFreight and freightage.
=650  \7$aFreight and freightage.$2fast$0(OCoLC)fst00934154
=650  \7$aFreight forwarders$xLegal status, laws, etc.$2fast$0(OCoLC)fst00934205
=650  \7$aLiability (Law)$2fast$0(OCoLC)fst00997079
=651  \7$aGermany.$2fast$0(OCoLC)fst01210272
=650  17$aInternationaal handelsrecht.$2gtt
=650  17$aVervoersrecht.$2gtt
=650  17$aAansprakelijkheid.$2gtt
=650  17$aOverslag.$2gtt
=650  17$aVerdragen.$2gtt
=650  07$aHaftung.$0(DE-588)4022898-8$2gnd
=650  07$aInternationaler Güterverkehr.$0(DE-588)4162070-7$2gnd
=650  07$aUmschlag (Transport)$0(DE-588)4061609-5$2gnd
=830  \0$aSchriften zum Transportrecht ;$vHeft 7.
=994  \\$a93$bNLVRD
=994  \\$cDELETED$bNLVRD$dRemoved from collection customer.57439.40

