=LDR  01845dam a2200469 a 4500
=001  ocm34850357\
=003  OCoLC
=005  20200523091916.5
=008  960405s1995\\\\rm\b\\\\\b\\\\000\0\rum\\
=010  \\$a   96134497 $z  2008394356
=040  \\$aDLC$beng$cDLC$dFCI$dNLGGC$dOCLCF$dOCLCQ$dL2U
=020  \\$a9735670704
=020  \\$a9789735670702
=029  1\$aAU@$b000012452938
=029  1\$aGBVCP$b197850855
=029  1\$aHEBIS$b051305240
=029  1\$aNLGGC$b145800105
=029  1\$aZWZ$b025682466
=035  \\$a(OCoLC)34850357
=041  0\$arum$feng$ffre
=050  00$aKZ3405.B65$bA33 1995
=084  \\$a86.80$2bcl
=049  \\$aNLVA
=100  1\$aBolintineanu, Alexandru.
=245  10$aDrept internațional contemporan /$cAlexandru Bolintineanu, Adrian Năstase.
=260  \\$aBucurești :$bInstitutul Român de Studii Internaționale :$bRegia Autonomă "Monitorul Oficial",$c1995.
=300  \\$a344 pages :$bmaps ;$c22 cm
=336  \\$atext$btxt$2rdacontent
=337  \\$aunmediated$bn$2rdamedia
=338  \\$avolume$bnc$2rdacarrier
=546  \\$aTable of contents in English and French.
=504  \\$aIncludes bibliographical references (pages 313-321).
=650  \0$aInternational law.
=650  \7$a86.80 international law: general.$0(NL-LeOCL)077608410$2bcl
=650  \7$aInternational law.$2fast$0(OCoLC)fst00976984
=650  17$aVolkenrecht.$2gtt
=650  \7$aDroit international.$2ram
=655  \7$aEducational tools (form)$0(NL-LeOCL)088143767$2gtt
=700  1\$aNăstase, Adrian,$d1950-
=776  08$iOnline version:$aBolintineanu, Alexandru.$tDrept internațional contemporan.$dBucurești : Institutul Român de Studii Internaționale : Regia Autonomă "Monitorul Oficial", 1995$w(OCoLC)741463795
=994  \\$a93$bNLVRD
=994  \\$cDELETED$bNLVRD$dRemoved from collection customer.57439.40

