=LDR  01514dam a2200421Ma 4500
=001  ocm45829232\
=003  OCoLC
=005  20200523094958.5
=008  010119s2001\\\\enk\\\\\\\\\\\000\0\eng\\
=040  \\$aUKM$beng$cUKM$dOCLCQ$dBAKER$dBTCTA$dYDXCP$dBDX$dOCLCF$dOCLCQ$dOCLCO$dOCLCQ
=015  \\$aGBA1Z5705$2bnb
=019  \\$a149074008$a149074021
=020  \\$a0415246873
=020  \\$a9780415246873
=020  \\$a0415246881$q(pbk.)
=020  \\$a9780415246880$q(pbk.)
=029  1\$aAU@$b000022238186
=029  1\$aNLGGC$b21527685X
=035  \\$a(OCoLC)45829232$z(OCoLC)149074008$z(OCoLC)149074021
=082  04$a341.026$221
=049  \\$aNLVA
=245  00$aKey documents in international law /$cedited by Peter Malanczuk.
=260  \\$aLondon :$bRoutledge,$c2001.
=300  \\$a504 pages ;$c24 cm
=336  \\$atext$btxt$2rdacontent
=337  \\$aunmediated$bn$2rdamedia
=338  \\$avolume$bnc$2rdacarrier
=650  \0$aInternational law$vSources.
=650  \7$aInternational law.$2fast$0(OCoLC)fst00976984
=655  \7$aSources.$2fast$0(OCoLC)fst01423900
=700  1\$aMalanczuk, Peter.
=938  \\$aBaker & Taylor$bBKTY$c160.00$d160.00$i0415246873$n0003712307$sactive
=938  \\$aBaker & Taylor$bBKTY$c49.95$d49.95$i0415246881$n0003712308$sactive
=938  \\$aBrodart$bBROD$n58727892$c{dollar}29.95
=938  \\$aBaker and Taylor$bBTCP$nBK0003712308
=938  \\$aYBP Library Services$bYANK$n100240135
=994  \\$a93$bNLVRD
=994  \\$cDELETED$bNLVRD$dRemoved from collection customer.57439.40

