=LDR  02664dam a2200625 a 4500
=001  ocm48125704\
=003  OCoLC
=005  20200523094810.6
=008  010718s2001\\\\ag\af\\\\b\\\\000\0dspa\\
=010  \\$a  2001423282
=040  \\$aDLC$beng$cDLC$dFUG$dPL#$dDIBAM$dBAKER$dOCLCG$dYDXCP$dOCLCO$dOCLCF$dOCLCQ$dOCLCO$dOCLCA$dOCLCQ$dOCL
=020  \\$a9500720027
=020  \\$a9789500720021
=029  1\$aAU@$b000024038218
=029  1\$aNLGGC$b239252004
=035  \\$a(OCoLC)48125704
=043  \\$ae-sp---$as-cl---$as-ag---
=050  00$aKKT110.G37$bA93 2001
=049  \\$aNLVA
=100  1\$aAnguita, Eduardo,$d1953-
=245  10$aSano juicio :$bBaltasar Garzón, algunos sobrevivientes y la lucha contra la impunidad en Latinoamérica /$cEduardo Anguita.
=250  \\$a1a. ed.
=260  \\$aBuenos Aires :$bEditorial Sudamericana,$c©2001.
=300  \\$a382 pages, 8 unnumbered pages of plates :$billustrations ;$c23 cm
=336  \\$atext$btxt$2rdacontent
=337  \\$aunmediated$bn$2rdamedia
=338  \\$avolume$bnc$2rdacarrier
=504  \\$aIncludes bibliographical references (pages 381-382).
=600  10$aGarzón, Baltasar.
=600  17$aGarzón, Baltasar.$2fast$0(OCoLC)fst00383069
=600  17$aGarzón, Baltasar.$2renib
=650  \0$aJudges$zSpain$vBiography.
=650  \0$aTrials (Political crimes and offenses)$zSpain.
=650  \0$aPolitical crimes and offenses$zChile.
=650  \0$aPolitical crimes and offenses$zArgentina.
=650  \7$aJudges.$2fast$0(OCoLC)fst00984490
=650  \7$aPolitical crimes and offenses.$2fast$0(OCoLC)fst01069253
=650  \7$aTrials (Political crimes and offenses)$2fast$0(OCoLC)fst01156388
=651  \7$aArgentina.$2fast$0(OCoLC)fst01205614
=651  \7$aChile.$2fast$0(OCoLC)fst01205362
=651  \7$aSpain.$2fast$0(OCoLC)fst01204303
=650  \7$aJUECES$zESPAÑA$vBIOGRAFIAS.$2renib
=650  \7$aDELITOS POLITICOS$xJUICIOS, PROCESOS, etc.$zESPAÑA.$2renib
=650  \7$aDELITOS POLITICOS$zCHILE.$2renib
=650  \7$aDELITOS POLITICOS$zARGENTINA.$2renib
=653  \\$aCrímenes contra la humanidad.
=653  \\$aDerechos humanos$aAmérica Latina.
=655  \7$aBiographies.$2fast$0(OCoLC)fst01919896
=700  1\$aGarzón, Baltasar.
=776  08$iOnline version:$aAnguita, Eduardo, 1953-$tSano juicio.$b1a. ed.$dBuenos Aires : Editorial Sudamericana, ©2001$w(OCoLC)656629185
=938  \\$aBaker & Taylor$bBKTY$c52.95$d52.95$i9500720027$n0003758035$sactive
=938  \\$aPuvill Libros$bPUVL$n9500720027$c{dollar}39.90
=938  \\$aYBP Library Services$bYANK$n8123512
=994  \\$a93$bNLVRD
=994  \\$cDELETED$bNLVRD$dRemoved from collection customer.57439.40

