=LDR  02112dam a2200565Ma 4500
=001  ocm49395646\
=003  OCoLC
=005  20200523094510.7
=008  011219s2002\\\\nyu\\\\\\b\\\\001\0\eng\\
=040  \\$aUKM$beng$cUKM$dOCLCQ$dBAKER$dNLGGC$dBTCTA$dYDXCP$dBDX$dOCLCF$dOCLCQ$dOCLCO$dOCLCQ$dL2U$dYDX$dOCLCQ
=015  \\$aGBA2Y0881$2bnb
=019  \\$a149073972$a149074004
=020  \\$a0415243556
=020  \\$a9780415243551
=020  \\$a0415243564$q(pbk.)
=020  \\$a9780415243568$q(pbk.)
=029  1\$aAU@$b000044043449
=029  1\$aNLGGC$b226328015
=029  1\$aNZ1$b6812243
=035  \\$a(OCoLC)49395646$z(OCoLC)149073972$z(OCoLC)149074004
=082  04$a341$221
=084  \\$a86.80$2bcl
=049  \\$aNLVA
=100  1\$aAkehurst, Michael,$d1940-
=245  10$aAkehurst's modern introduction to international law.
=250  \\$a8th rev. ed. /$bPeter Malanczuk.
=260  \\$aNew York ;$aLondon :$bRoutledge,$c2002.
=300  \\$a512 pages ;$c25 cm
=336  \\$atext$btxt$2rdacontent
=337  \\$aunmediated$bn$2rdamedia
=338  \\$avolume$bnc$2rdacarrier
=500  \\$aPrevious edition: 1997.
=504  \\$aIncludes bibliographical references and index.
=650  \0$aInternational law.
=650  \0$aInternational relations.
=650  \7$a86.80 international law: general.$0(NL-LeOCL)077608410$2bcl
=650  \7$aInternational law.$2fast$0(OCoLC)fst00976984
=650  \7$aInternational relations.$2fast$0(OCoLC)fst00977053
=650  17$aVolkenrecht.$2gtt
=655  \7$aTextbooks (form)$0(NL-LeOCL)088143252$2gtt
=700  1\$aMalanczuk, Peter.
=740  0\$aModern introduction to international law.
=938  \\$aBaker & Taylor$bBKTY$c160.00$d160.00$i0415243556$n0003712306$sactive
=938  \\$aBaker & Taylor$bBKTY$c45.95$d45.95$i0415243564$n0003710873$sactive
=938  \\$aBrodart$bBROD$n58728155$c{dollar}100.00
=938  \\$aBaker and Taylor$bBTCP$nBK0003712306
=938  \\$aYBP Library Services$bYANK$n100241623
=938  \\$aYBP Library Services$bYANK$n1759899
=994  \\$a93$bNLVRD
=994  \\$cDELETED$bNLVRD$dRemoved from collection customer.57439.40

