=LDR  01287dam a2200373 a 4500
=001  ocm50810409\
=003  OCoLC
=005  20200523092441.1
=008  020820s2002\\\\ug\\\\\\\b\\\\001\0\eng\\
=010  \\$a  2002345645
=040  \\$aDLC$beng$cDLC$dBTCTA$dOCLCF$dOCLCO$dLTSCA$dOCLCQ$dOCLCA
=029  1\$aAU@$b000024159792
=029  1\$aDEBBG$bBV021254254
=029  1\$aNLGGC$b247624373
=035  \\$a(OCoLC)50810409
=042  \\$alcode
=043  \\$af-ug---
=050  00$aKTW172$b.K36 2002
=055  \8$aKF4496 U4$bK36 2002$2kfmod
=049  \\$aNLVA
=100  1\$aKanyeihamba, George W.
=245  10$aConstitutional and political history of Uganda :$bfrom 1894 to the present /$cG.W. Kanyeihamba.
=260  \\$aKampala :$bCentenary Pub. House,$c2002.
=300  \\$axi, 345 pages ;$c24 cm
=336  \\$atext$btxt$2rdacontent
=337  \\$aunmediated$bn$2rdamedia
=338  \\$avolume$bnc$2rdacarrier
=504  \\$aIncludes bibliographical references (pages 334-339) and index.
=650  \0$aConstitutional history$zUganda.
=650  \7$aConstitutional history.$2fast$0(OCoLC)fst00875777
=651  \7$aUganda.$2fast$0(OCoLC)fst01210282
=938  \\$aBaker and Taylor$bBTCP$n2002345645
=994  \\$a93$bNLVRD
=994  \\$cDELETED$bNLVRD$dRemoved from collection customer.57439.40

