=LDR  04301dam a2200793 a 4500
=001  ocm51290175\
=003  OCoLC
=005  20200523091439.7
=008  021223s2003\\\\nyu\\\\\\b\\\\001\0\eng\\
=010  \\$a  2002156468
=040  \\$aDLC$beng$cDLC$dUKM$dC#P$dBAKER$dBTCTA$dLVB$dYDXCP$dYOM$dGEBAY$dDEBBG$dNCS$dOCLCF$dOCLCQ$dCDS$dR7R$dOCLCQ$dCSJ$dOCLCO$dAOW$dOCLCQ$dHLS$dOCLCQ$dCPO$dOCLCO$dOCLCQ$dOCLCO$dCPS$dBGU$dOCLCO$dOCLCQ$dOCLCO$dOCLCA
=015  \\$aGBA3X1665$2bnb
=019  \\$a52784824$a1015512737$a1017941353$a1022656697
=020  \\$a0801441331$q(cloth ;$qalk. paper)
=020  \\$a9780801441332$q(cloth ;$qalk. paper)
=029  1\$aAU@$b000024328291
=029  1\$aDEBBG$bBV016421479
=029  1\$aGEBAY$b7079104
=029  1\$aNLGGC$b248102842
=029  1\$aNZ1$b7408082
=035  \\$a(OCoLC)51290175$z(OCoLC)52784824$z(OCoLC)1015512737$z(OCoLC)1017941353$z(OCoLC)1022656697
=042  \\$apcc
=050  00$aHM1121$b.W55 2003
=082  00$a305.8$221
=084  \\$aMS 3300$2rvk
=049  \\$aNLVA
=100  1\$aWilliams, Robin M.,$cJr.,$d1914-2006.
=245  14$aThe wars within :$bpeoples and states in conflict /$cRobin M. Williams, Jr.
=260  \\$aIthaca :$bCornell University Press,$c2003.
=300  \\$axiii, 318 pages ;$c24 cm
=336  \\$atext$btxt$2rdacontent
=337  \\$aunmediated$bn$2rdamedia
=338  \\$avolume$bnc$2rdacarrier
=504  \\$aIncludes bibliographical references (pages 291-313) and index.
=505  0\$aIntroduction. World system and global disorder? -- Part I. The collective actors. The multiple realities of ethnicity ; The reality of states and nationalism ; Ethnies: contenders and rulers -- Part II. Sources of conflict. The stakes: interests and claims ; Sources and precipitants of rivalry and violent conflict -- Part III. The dynamics of mobilization and conflict. From grievances to mobilization ; From mobilization to violent conflict ; From identity to genocide: the problem of understanding -- Part IV. What can be done. Avoiding the gathering storm: the array of preventive actions ; Terminations, accommodations, and resolutions ; Peace at last? Reflections on paths toward reconciliation and reconstruction -- Epilogue.
=520  1\$a"In The Wars Within, Robin M. Williams Jr. brings together decades of thought about ethnic conflicts in an effort to better understand their dynamics and to lessen their disastrous consequences. Williams presents a worldwide perspective, conscious that many studies of ethnicity focus primarily on the United States. The stakes of struggles can involve both material resources, such as oil, diamonds, and gold, and sociocultural goods, such as group status and cultural distinctiveness. Ethnic conflict, Williams finds, can be portrayed as a set of dynamic processes that may escalate from restrained confrontations over limited issues to devastating ethnic warfare and genocide."--Jacket.
=650  \0$aEthnic conflict.
=650  \0$aPolitical violence.
=650  \0$aCivil war.
=650  \0$aGenocide.
=650  \0$aEthnic relations.
=650  \6$aConflits ethniques.
=650  \6$aViolence politique.
=650  \6$aGuerre civile.
=650  \6$aGénocide.
=650  \6$aRelations interethniques.
=650  \7$aCivil war.$2fast$0(OCoLC)fst00862883
=650  \7$aEthnic conflict.$2fast$0(OCoLC)fst00915943
=650  \7$aEthnic relations.$2fast$0(OCoLC)fst00916005
=650  \7$aGenocide.$2fast$0(OCoLC)fst00940208
=650  \7$aPolitical violence.$2fast$0(OCoLC)fst01069902
=650  \7$aEthnizität$2gnd
=650  \7$aGewalt$2gnd
=650  \7$aMinderheitenfrage$2gnd
=650  \7$aPolitik$2gnd
=650  \7$aPolitische Auseinandersetzung$2gnd
=650  \7$aPolitischer Konflikt$2gnd
=650  \7$aVölkermord$2gnd
=650  07$aMinderheitenfrage.$2swd
=650  07$aGewalt.$2swd
=650  07$aPolitik.$2swd
=650  07$aVölkermord.$2swd
=650  \2$aCivil War.
=856  41$3Table of contents$uhttp://catdir.loc.gov/catdir/toc/fy037/2002156468.html
=938  \\$aBaker & Taylor$bBKTY$c41.95$d41.95$i0801441331$n0004143454$sactive
=938  \\$aBaker and Taylor$bBTCP$n2002156468
=938  \\$aYBP Library Services$bYANK$n1931852
=994  \\$a93$bNLVRD
=994  \\$cDELETED$bNLVRD$dRemoved from collection customer.57439.40

