=LDR  01760dam a2200505Ma 4500
=001  ocm52990811\
=003  OCoLC
=005  20200523091456.5
=008  030729s2003\\\\enk\\\\\\\\\\\000\0\eng\\
=040  \\$aUKM$beng$cUKM$dOCLCQ$dBAKER$dNLGGC$dBTCTA$dYDXCP$dOCLCF$dOCLCQ$dOCLCO$dOCLCQ$dUKMGB$dOCL
=015  \\$aGBA3U8759$2bnb
=016  7\$a009700122$2Uk
=019  \\$a144530742
=020  \\$a0199264163
=020  \\$a9780199264162
=029  1\$aHEBIS$b187422362
=029  1\$aNLGGC$b25212684X
=029  1\$aUKMGB$b009700122
=035  \\$a(OCoLC)52990811$z(OCoLC)144530742
=043  \\$ae------
=082  04$a343.404$221
=084  \\$a86.61$2bcl
=049  \\$aNLVA
=100  1\$aFarmer, Paul,$d1955-
=245  10$aEC tax law /$cPaul Farmer and Richard Lyal.
=250  \\$a2nd ed.
=260  \\$aOxford :$bOxford University Press,$c2003.
=300  \\$a450 pages ;$c24 cm.
=336  \\$atext$btxt$2rdacontent
=337  \\$aunmediated$bn$2rdamedia
=338  \\$avolume$bnc$2rdacarrier
=490  1\$aOxford European community law library
=500  \\$aPrevious edition: London: Clarendon, 1994.
=650  \0$aTaxation$xLaw and legislation$zEuropean Union countries.
=650  \7$aTaxation$xLaw and legislation.$2fast$0(OCoLC)fst01143921
=651  \7$aEuropean Union countries.$2fast$0(OCoLC)fst01269470
=650  17$aBelastingrecht.$2gtt
=650  17$aEuropees recht.$2gtt
=700  1\$aLyal, Richard.
=830  \0$aOxford European community law library.
=938  \\$aBaker & Taylor$bBKTY$c165.00$d165.00$i0199264163$n0004259620$sactive
=938  \\$aBaker and Taylor$bBTCP$nBK0004259620
=938  \\$aYBP Library Services$bYANK$n100340555
=994  \\$a93$bNLVRD
=994  \\$cDELETED$bNLVRD$dRemoved from collection customer.57439.40

