=LDR  04436dam a2200901 a 4500
=001  ocm53937961\
=003  OCoLC
=005  20200523093239.2
=008  031211s2005\\\\enk\\\\\\\\\\\000\1\eng\\
=010  \\$a  2003027098
=040  \\$aDLC$beng$cDLC$dYDX$dUKM$dBAKER$dNLC$dNLGGC$dBTCTA$dYDXCP$dRIOSL$dOCLCQ$dUKMGB$dOCLCQ$dBDX$dOCLCQ$dOCLCO$dOCLCF$dOCLCO$dRKA$dOCLCQ$dOCLCO$dCN5CF$dOCLCQ$dHHG$dOCLCA$dZQP
=015  \\$aGBA4W8990$2bnb
=015  \\$a20050129414$2can
=016  7\$a012881999$2Uk
=016  \\$a(AMICUS)000028997665
=019  \\$a57166042
=020  \\$a1859845967$q(alk. paper)
=020  \\$a9781859845967$q(alk. paper)
=029  1\$aAU@$b000025187437
=029  1\$aAU@$b000026860527
=029  1\$aNLGGC$b259083461
=029  1\$aNOK$b1859845967
=029  1\$aNZ1$b8150101
=029  1\$aUKBCI$b015517454
=029  1\$aUKBNS$b015517454
=029  1\$aUKBOR$b015517454
=029  1\$aUKDEL$b015517454
=029  1\$aUKDOR$b015517454
=029  1\$aUKSCO$b015517454
=029  1\$aUKSGC$b015517454
=029  1\$aUKSOM$b015517454
=029  1\$aUNITY$b015517454
=029  1\$aNLC$b000028997665
=029  1\$aUKMGB$b012881999
=035  \\$a(OCoLC)53937961$z(OCoLC)57166042
=043  \\$an-cn-qu$an-cn---$an-us---
=050  00$aPR9199.4.B88$bW37 2003
=055  02$aPS8603*
=082  00$a813/.6$222
=084  \\$a18.07$2bcl
=084  \\$acci1icc$2lacc
=049  \\$aNLVA
=100  1\$aBurstyn, Varda.
=245  10$aWater Inc. /$cVarda Burstyn.
=246  3\$aWater Incorporated
=260  \\$aLondon ;$aNew York :$bVerso,$c2003.
=300  \\$a294 pages ;$c24 cm
=336  \\$atext$btxt$2rdacontent
=337  \\$aunmediated$bn$2rdamedia
=338  \\$avolume$bnc$2rdacarrier
=520  1\$a"Years of drought have given the United States a terrible thirst and turned water into blue gold. A powerful agrichemical magnate and corporate visionary, William Greele, puts a consortium together to pipe water down from northern Quebec. Politicians and federal security agencies ride shotgun for him at home, while in Quebec his path is cleared - and covered - by a brilliant, existentially torn deputy minister. Stealth and deception are crucial to the project's success." "But Malcolm Macpherson, a Seattle aerospace executive and conservationist, finds out about the pipeline. Appalled, he appeals to rebel-girl Claire Davidowicz, director of eco-Justice USA, to stop it. Soon they've enlisted a Quebec law professor, a feisty British journalist, three rogue policemen, a reluctant eco-terrorist, and a maverick Vermont governor. It's a heart-pounding, deadly race as they desperately try to figure out how to save the continent - and their own lives - before it's too late." "Ranging across the US, into the cities and beautiful wilderness of Quebec, and reaching as far as Mexico, Lisbon, and Brussels, Water Inc. is a tale of greed, heroism, clashing loyalties, love, and mortal risk."--BOOK JACKET.
=650  \0$aWater-supply$xEnvironmental aspects$vFiction.
=651  \0$aCanada$xRelations$zUnited States$vFiction.
=651  \0$aUnited States$xRelations$zCanada$vFiction.
=650  \0$aWater-supply$xGovernment policy$vFiction.
=651  \0$aQuébec (Province)$vFiction.
=650  \0$aEnvironmentalists$vFiction.
=650  \0$aEcoterrorism$vFiction.
=650  \7$aEcoterrorism.$2fast$0(OCoLC)fst00902315
=650  \7$aEnvironmentalists.$2fast$0(OCoLC)fst00913554
=650  \7$aInternational relations.$2fast$0(OCoLC)fst00977053
=650  \7$aWater-supply$xEnvironmental aspects.$2fast$0(OCoLC)fst01172374
=650  \7$aWater-supply$xGovernment policy.$2fast$0(OCoLC)fst01172381
=651  \7$aCanada.$2fast$0(OCoLC)fst01204310
=651  \7$aQuébec.$2fast$0(OCoLC)fst01207316
=651  \7$aUnited States.$2fast$0(OCoLC)fst01204155
=655  \7$aFiction.$2fast$0(OCoLC)fst01423787
=655  \7$aPolitical fiction.$2fast$0(OCoLC)fst01726702
=655  \7$aPolitical fiction.$2lcgft
=655  \7$aPolitical fiction.$2lcsh
=655  \7$aAuthors' presentation copies (Provenance)$2rbprov$5MH-H
=655  \7$aSuspense fiction.$2gsafd
=938  \\$aBaker & Taylor$bBKTY$c25.00$d18.75$i1859845967$n0004394359$sactive
=938  \\$aBrodart$bBROD$n01511653$c{dollar}25.00
=938  \\$aBaker and Taylor$bBTCP$n2003027098
=938  \\$aYBP Library Services$bYANK$n2064465
=994  \\$a93$bNLVRD
=994  \\$cDELETED$bNLVRD$dRemoved from collection customer.57439.40

