=LDR  01375dam a2200409 a 4500
=001  ocm55616398\
=003  OCoLC
=005  20200523092647.6
=008  040517s2004\\\\pk\\\\\\\d\\\\000\0\eng\\
=010  \\$a  2004343041
=040  \\$aDLC$beng$cDLC$dBTCTA$dOCLCF$dOCLCO$dOCLCQ$dOCLCO
=025  \\$aP-E-2004343041; 34
=029  1\$aAU@$b000025716309
=029  1\$aNLGGC$b264923138
=035  \\$a(OCoLC)55616398
=042  \\$alcode
=050  00$aK52.U7$bK48 2004
=049  \\$aNLVA
=100  1\$aKhan, M. Mohammad Taimur.
=245  10$aDictionary of law :$bEnglish to Urdu /$c[by M. Mohammad Taimur Khan].
=246  14$aLaw dictionary
=260  \\$aLahore :$bKashmir Law Times,$c[2004?]
=300  \\$a506 pages ;$c22 cm
=336  \\$atext$btxt$2rdacontent
=337  \\$aunmediated$bn$2rdamedia
=338  \\$avolume$bnc$2rdacarrier
=650  \0$aLaw$vDictionaries.
=650  \0$aEnglish language$vDictionaries$xUrdu.
=650  \0$aLaw$vDictionaries$xUrdu.
=650  \0$aUrdu language$vDictionaries$xEnglish.
=650  \7$aEnglish language.$2fast$0(OCoLC)fst00910920
=650  \7$aLaw.$2fast$0(OCoLC)fst00993678
=650  \7$aUrdu language.$2fast$0(OCoLC)fst01162770
=655  \7$aDictionaries.$2fast$0(OCoLC)fst01423826
=938  \\$aBaker and Taylor$bBTCP$n2004343041
=994  \\$a93$bNLVRD
=994  \\$cDELETED$bNLVRD$dRemoved from collection customer.57439.40

