=LDR  01912dam a2200469 a 4500
=001  ocm56161849\
=003  OCoLC
=005  20200523094612.4
=008  040503s2003\\\\ph\ab\\\\b\\\\000\0\eng\c
=010  \\$a  2003711785
=040  \\$aZCU$beng$cYUS$dCOO$dDLC$dZAD$dOCLCF$dOCLCQ$dOCL
=019  \\$a60533938
=020  \\$a9719289503
=020  \\$a9789719289500
=029  1\$aAU@$b000026349289
=029  1\$aAU@$b000027205419
=029  1\$aNLGGC$b277212502
=035  \\$a(OCoLC)56161849$z(OCoLC)60533938
=042  \\$apcc
=043  \\$aa-ph---
=050  \4$aDS688.M2$bR647 2003
=049  \\$aNLVA
=100  1\$aRodil, B. R.
=245  12$aA story of Mindanao and Sulu in question and answer /$cB.R. Rodil.
=260  \\$aDavao City :$b[publisher not identified],$c2003.
=300  \\$axxi, 277 pages :$billustrations, maps ;$c23 cm
=336  \\$atext$btxt$2rdacontent
=337  \\$aunmediated$bn$2rdamedia
=338  \\$avolume$bnc$2rdacarrier
=504  \\$aIncludes bibliographical references (pages 231-243).
=651  \0$aMindanao Island (Philippines)$xHistory$vMiscellanea.
=650  \0$aMuslims$xPolitical activity$zPhilippines$zSulu$vMiscellanea.
=651  \0$aSulu (Philippines)$xHistory$vMiscellanea.
=650  \7$aMuslims$xPolitical activity.$2fast$0(OCoLC)fst01031058
=651  \7$aPhilippines$zMindanao Island.$2fast$0(OCoLC)fst01240134
=651  \7$aPhilippines$zSulu.$2fast$0(OCoLC)fst01232768
=655  \7$aHistory.$2fast$0(OCoLC)fst01411628
=655  \7$aTrivia and miscellanea.$2fast$0(OCoLC)fst01921748
=776  08$iOnline version:$aRodil, B.R.$tStory of Mindanao and Sulu in question and answer.$dDavao City : [s.n.], 2003$w(OCoLC)607262888
=776  08$iOnline version:$aRodil, B.R.$tStory of Mindanao and Sulu in question and answer.$dDavao City : [s.n.], 2003$w(OCoLC)608418677
=994  \\$a93$bNLVRD
=994  \\$cDELETED$bNLVRD$dRemoved from collection customer.57439.40

