=LDR  01733dam a2200433Ma 4500
=001  ocm56459647\
=003  OCoLC
=005  20200523094728.8
=008  040206s2004\\\\enk\\\\\\\\\\\000\0\eng\\
=040  \\$aUKM$beng$cUKM$dOCLCQ$dBAKER$dBTCTA$dYDXCP$dBDX$dU9X$dOCLCO$dOCLCQ$dOCLCF
=015  \\$aGBA4Y5257$2bnb
=020  \\$a0415333997
=020  \\$a9780415333993
=029  1\$aAU@$b000026076867
=029  1\$aNLGGC$b262355078
=035  \\$a(OCoLC)56459647
=082  04$a343.087$222
=049  \\$aNLVA
=100  1\$aMortensen, Jens.
=245  10$aWTO, governance and the limits of law /$cJens Mortensen.
=260  \\$aLondon :$bRoutledge,$c2004.
=300  \\$a208 pages ;$c24 cm.
=336  \\$atext$btxt$2rdacontent
=337  \\$aunmediated$bn$2rdamedia
=338  \\$avolume$bnc$2rdacarrier
=490  1\$aWarwick studies in globalisation
=520  \\$aThis is a critical look at the legalisation of multilateral trade governance. It inquires into the process whereby GATT was transformed into the WTO and asks to what extent WTO governance has become legalistic.
=610  20$aWorld Trade Organization.
=610  20$aGeneral Agreement on Tariffs and Trade (Organisation)
=610  27$aWorld Trade Organization.$2fast$0(OCoLC)fst00697669
=650  \0$aForeign trade regulation.
=650  \7$aForeign trade regulation.$2fast$0(OCoLC)fst00931923
=830  \0$aWarwick studies in globalisation.
=938  \\$aBaker & Taylor$bBKTY$c130.00$d130.00$i0415333997$n0006002587$sactive
=938  \\$aBrodart$bBROD$n01931849$c{dollar}90.00
=938  \\$aBaker and Taylor$bBTCP$nBK0006002587
=938  \\$aYBP Library Services$bYANK$n2084581
=994  \\$a93$bNLVRD
=994  \\$cDELETED$bNLVRD$dRemoved from collection customer.57439.40

