=LDR  01637dam a2200457Ma 4500
=001  ocm56464441\
=003  OCoLC
=005  20200523094731.3
=008  040106s2004\\\\enk\\\\\\\\\\\000\0\eng\\
=040  \\$aUKM$beng$cUKM$dOCLCQ$dBAKER$dNLGGC$dBTCTA$dYDXCP$dOCLCQ$dOCLCF$dOCLCO$dOCLCQ
=015  \\$aGBA4Y1556$2bnb
=019  \\$a149102567
=020  \\$a1843767597
=020  \\$a9781843767596
=020  \\$a1843767600$q(pbk.)
=020  \\$a9781843767602$q(pbk.)
=029  1\$aNLGGC$b262774739
=035  \\$a(OCoLC)56464441$z(OCoLC)149102567
=043  \\$ae------
=082  04$a332.09$222
=084  \\$a83.44$2bcl
=049  \\$aNLVA
=245  04$aThe instability of finance :$blessons from European integration /$cedited by Jean-Philippe Touffut.
=260  \\$aCheltenham :$bEdward Elgar,$c2004.
=300  \\$a256 pages.
=336  \\$atext$btxt$2rdacontent
=337  \\$aunmediated$bn$2rdamedia
=338  \\$avolume$bnc$2rdacarrier
=490  1\$aThe Saint-Gobain Centre for Economic Studies series
=650  \0$aFinance.
=651  \0$aEurope$xEconomic integration.
=650  \7$aFinance.$2fast$0(OCoLC)fst00924349
=650  \7$aInternational economic integration.$2fast$0(OCoLC)fst00976879
=651  \7$aEurope.$2fast$0(OCoLC)fst01245064
=700  1\$aTouffut, Jean-Philippe.
=830  \0$aSaint-Gobain Centre for Economic Studies series.
=938  \\$aBaker & Taylor$bBKTY$c40.00$d40.00$i1843767600$n0004346807$sactive
=938  \\$aBaker and Taylor$bBTCP$nBK0004346807
=938  \\$aYBP Library Services$bYANK$n100347040
=994  \\$a93$bNLVRD
=994  \\$cDELETED$bNLVRD$dRemoved from collection customer.57439.40

