=LDR  04870dam a2200733Ma 4500
=001  ocm56467509\
=003  OCoLC
=005  20200523094733.6
=008  031022s2005\\\\enkabcf\\b\\\\001\0\eng\\
=040  \\$aUKM$beng$cUKM$dBWKUK$dYDXCP$dOCLCG$dUKMGB$dOCLCQ$dOCLCO$dOCLCF$dOCLCQ$dSOI$dOCL$dNZPWA$dOCLCQ$dOCLCO$dMUX$dL2U$dOCLCQ$dOCLCO$dOCLCQ$dOCLCO$dOCLCA$dOCLCQ$dOCL$dOCLCO
=015  \\$aGBA4Z4494$2bnb
=016  7\$a010336925$2Uk
=019  \\$a1000700369
=020  \\$a0297847198$q(cased)
=020  \\$a9780297847199$q(cased)
=029  1\$aAU@$b000027058206
=029  1\$aCBK$b056290748
=029  1\$aNLGGC$b259800066
=029  1\$aNOK$b0297847198
=029  1\$aNZ1$b8193607
=029  1\$aUKBCI$b056290748
=029  1\$aUKBNS$b056290748
=029  1\$aUKBOR$b056290748
=029  1\$aUKDEL$b056290748
=029  1\$aUKDON$b0297847198
=029  1\$aUKDOR$b056290748
=029  1\$aUKMGB$b010336925
=029  1\$aUKPTR$b0297847198
=029  1\$aUKSCO$b056290748
=029  1\$aUKSGC$b056290748
=029  1\$aUKSOM$b056290748
=029  1\$aUNITY$b056290748
=035  \\$a(OCoLC)56467509$z(OCoLC)1000700369
=042  \\$aukblsr
=043  \\$af-ke---
=050  14$aDT433.577$b.A53 2005
=082  04$a967.6203$222
=049  \\$aNLVA
=100  1\$aAnderson, David,$d1957-
=245  10$aHistories of the hanged :$bBritain's dirty war in Kenya and the end of empire /$cDavid Anderson.
=260  \\$aLondon :$bWeidenfeld & Nicolson,$c2005.
=300  \\$aviii, 406 pages, 16 unnumbered pages of plates :$billustrations, maps ;$c24 cm
=336  \\$atext$btxt$2rdacontent
=337  \\$aunmediated$bn$2rdamedia
=338  \\$avolume$bnc$2rdacarrier
=504  \\$aIncludes bibliographical references and index.
=505  0\$aPrologue: The hanged -- 1. The hidden history of an anti-colonial rebellion -- Making a rebellion -- Emerging violence -- 2. Burying the past -- Chief Waruhiu -- Jock Scott and Judge Thacker -- Going to war -- Christmas Eve in Nyeri -- 3. 'Parasites in paradise': race, violence and Mau Mau -- 'A sunny land for shady people' -- Killing Bwana -- 'Them or us' -- Paradise postponed -- 4. Death at Lari: the story of an African massacre -- Vicitms and vengeance -- A deeper history -- Courtroom dramas -- Executions -- Colonial consequences -- 5. Struggles in the city: Mau Mau in Nairobi -- African life in Eastlands -- Terrorizing the Tai-tai -- Operation Anvil -- Fighting back -- Corruption at city hall -- 6. General China's war: freedom fighters in the forests -- Flight to the forests -- Bugles and battles -- Surrenders -- Psycho docs and pseudo ops -- 7. Crimes of punishment: law and disorder in Kikuyuland -- Carrots and sticks -- Ruthagathi: Kenya's Belsen -- Excessive force -- The Gulag -- 8. Spoils of war: decolonizing Kenya, memorializing Mau Mau -- Coming home -- Kenyatta: 'the reconciler' -- Monuments, museums, movies -- Mathenge's return.
=520  1\$a"In this book, a searing account of the final, bloody decade of British rule in Kenya, Oxford historian David Anderson presents new findings so extraordinary that they promise not only to redefine our understanding of the brutal war between the colonial government and the insurrectionist Mau Mau but also to reveal our historical dishonesty in failing to distinguish between terrorists and political insurgents." "Anderson's work reveals how, in the course of suppressing the Mau Mau revolt, Kenya's British rulers were responsible for thousands of unjustifiable killings, for gross abuses of both their own law and the laws of war, and for what are possibly the most brutal episodes of legal and physical oppression in twentieth-century imperial history. In uncovering thousands of new files and court transcripts, Anderson reveals that the British, with the knowledge of both Winston Churchill and Harold Macmillan, committed untold atrocities against Kenyan subjects, putting over 70,000 people in prison camps and sending hundreds to the gallows without proper trial."--Jacket.
=650  \0$aBritish$zKenya.
=651  \0$aKenya$xHistory$yMau Mau Emergency, 1952-1960.
=650  \7$aKenya.$2ascl$0(NL-LeOCL)294919376
=650  \7$aUnited Kingdom.$2ascl$0(NL-LeOCL)294914161
=650  \7$acolonialism.$2ascl$0(NL-LeOCL)294905111
=650  \7$agenocide.$2ascl$0(NL-LeOCL)294913459
=650  \7$aMau Mau.$2ascl$0(NL-LeOCL)294924566
=650  \7$aBritish.$2fast$0(OCoLC)fst00839044
=651  \7$aKenya.$2fast$0(OCoLC)fst01208718
=647  \7$aMau Mau Emergency$c(Kenya :$d1952-1960)$2fast$0(OCoLC)fst01353669
=648  \7$a1952-1960$2fast
=655  \7$aHistory.$2fast$0(OCoLC)fst01411628
=856  42$uhttp://catdir.loc.gov/catdir/toc/ecip052/2004024804.html$zTable of contents
=938  \\$aYBP Library Services$bYANK$n100357479
=994  \\$a93$bNLVRD
=994  \\$cDELETED$bNLVRD$dRemoved from collection customer.57439.40

