=LDR  01668dam a2200469Ma 4500
=001  ocm57527863\
=003  OCoLC
=005  20200523094024.1
=008  041210s2005\\\\enk\\\\f\\\\\\000\0\eng\\
=040  \\$aUKM$beng$cUKM$dBAKER$dBTCTA$dYDXCP$dOCLCF$dOCLCO$dOCLCQ
=015  \\$aGBA507499$2bnb
=016  7\$a013093284$2Uk
=019  \\$a149396271
=020  \\$a1844720098$q(pbk.)
=020  \\$a9781844720095$q(pbk.)
=029  1\$aDEBBG$bBV019841628
=029  1\$aNLGGC$b273183893
=035  \\$a(OCoLC)57527863$z(OCoLC)149396271
=082  04$a325.21$222
=049  \\$aNLVA
=100  1\$aKoser, Khalid.
=245  10$aRefugees, transnationalism and the state /$cKhalid Koser.
=260  \\$aLondon :$bUCL,$c2005.
=300  \\$a150 pages ;$c24 cm
=336  \\$atext$btxt$2rdacontent
=337  \\$aunmediated$bn$2rdamedia
=338  \\$avolume$bnc$2rdacarrier
=650  \0$aRefugees.
=650  \0$aTransnationalism.
=650  \0$aRefugees$xGovernment policy.
=650  \0$aEmigration and immigration$xGovernment policy.
=650  \0$aAsylum, Right of.
=650  \7$aAsylum, Right of.$2fast$0(OCoLC)fst00819842
=650  \7$aEmigration and immigration$xGovernment policy.$2fast$0(OCoLC)fst00908700
=650  \7$aRefugees.$2fast$0(OCoLC)fst01092797
=650  \7$aRefugees$xGovernment policy.$2fast$0(OCoLC)fst01092811
=650  \7$aTransnationalism.$2fast$0(OCoLC)fst01154884
=938  \\$aBaker & Taylor$bBKTY$c53.95$d53.95$i1844720098$n0006333700$sactive
=938  \\$aBaker and Taylor$bBTCP$nBK0006333700
=938  \\$aYBP Library Services$bYANK$n100378581
=994  \\$a93$bNLVRD
=994  \\$cDELETED$bNLVRD$dRemoved from collection customer.57439.40

