=LDR  03849dam a2200841 i 4500
=001  ocm58999245\
=003  OCoLC
=005  20200523094328.6
=008  050822s2005\\\\enka\\\e\b\\\\001\0\eng\\
=010  \\$a  2005299583
=040  \\$aUKM$beng$erda$cDLC$dUKM$dC#P$dBAKER$dLRU$dNLGGC$dBTCTA$dYDXCP$dBON$dQE2$dOCLCA$dWAU$dHEBIS$dOCLCQ$dTULIB$dDEBBG$dOCLCF$dOCLCO$dOCLCQ$dOCLCO$dDHA$dOCLCQ$dCCHGZ$dCPO$dOCLCQ$dUKUOY$dOCLCA$dL2U$dOCLCQ
=015  \\$aGBA529145$2bnb
=016  7\$a013170340$2Uk
=019  \\$a61528012
=020  \\$a0745634559$q(hbk.)
=020  \\$a9780745634555$q(hbk.)
=020  \\$a0745634567$q(pbk.)
=020  \\$a9780745634562$q(pbk.)
=029  1\$aAU@$b000027729876
=029  1\$aDEBBG$bBV021580270
=029  1\$aGEBAY$b9394035
=029  1\$aHEBIS$b129608122
=029  1\$aHR0$b0745634559
=029  1\$aNLGGC$b274473836
=029  1\$aNZ1$b9259270
=029  1\$aYDXCP$b2172127
=029  1\$aYDXCP$b2172129
=035  \\$a(OCoLC)58999245$z(OCoLC)61528012
=042  \\$alccopycat
=050  00$aJC323$b.H57 2005
=082  04$a320.12$222
=084  \\$a74.02$2bcl
=084  \\$aLH 61100$2rvk
=084  \\$aMB 3450$2rvk
=049  \\$aNLVA
=100  1\$aHirst, Paul Q.,$eauthor.
=245  10$aSpace and power :$bpolitics, war, and architecture /$cPaul Hirst.
=250  \\$a1st ed.
=264  \1$aCambridge ;$aMalden, MA :$bPolity,$c2005.
=300  \\$ax, 260 pages :$billustrations ;$c23 cm
=336  \\$atext$btxt$2rdacontent
=337  \\$aunmediated$bn$2rdamedia
=338  \\$avolume$bnc$2rdacarrier
=504  \\$aIncludes bibliographical references (pages 224-251) and index.
=520  \\$aThis scholarly account of the various ways in which space is configured by power, and in which space becomes a resource for power, combines insights from social theory, politics, history and geography.
=505  0\$aPreface / Grahame Thompson -- 1. Space and power : architecture, politics, and war -- 2. Cities, globalization, and governance -- 3. Politics and territory -- 4. The spatial dimensions of military power -- 5. The frontier, conquest, and settlement -- 6. War, environment, and technology -- 7. Information, space, and war -- 8. Foucault and architecture -- 9. The defence of places : fortification as architecture -- 10. The defence of places : from sieges to silos.
=583  1\$aSelf-Renewing$c2017$5UoY
=650  \0$aBoundaries.
=650  \0$aArchitecture and war.
=650  \0$aSpace (Architecture)
=650  \0$aArchitecture$xPolitical aspects.
=650  \0$aPower (Social sciences)
=650  \7$a74.02 philosophy and theory of (human) geography.$0(NL-LeOCL)080681395$2bcl
=650  \7$aArchitecture and war.$2fast$0(OCoLC)fst01749769
=650  \7$aArchitecture$xPolitical aspects.$2fast$0(OCoLC)fst00813501
=650  \7$aBoundaries.$2fast$0(OCoLC)fst00837076
=650  \7$aPower (Social sciences)$2fast$0(OCoLC)fst01074219
=650  \7$aSpace (Architecture)$2fast$0(OCoLC)fst01127601
=650  \7$aArchitektur$2gnd
=650  \7$aKrieg$2gnd
=650  \7$aPolitik$2gnd
=650  17$aRuimte (algemeen)$2gtt
=650  17$aMacht.$2gtt
=650  07$aKrieg.$2swd
=776  08$iOnline version:$aHirst, Paul Q.$tSpace and power.$dCambridge ; Malden, MA : Polity, 2005$w(OCoLC)607732545
=776  08$iOnline version:$aHirst, Paul Q.$tSpace and power.$dCambridge ; Malden, MA : Polity, 2005$w(OCoLC)609881585
=856  41$3Table of contents$uhttp://catdir.loc.gov/catdir/toc/fy0608/2005299583.html
=938  \\$aBaker & Taylor$bBKTY$c69.95$d69.95$i0745634559$n0006198315$sactive
=938  \\$aBaker & Taylor$bBKTY$c28.95$d28.95$i0745634567$n0006198316$sactive
=938  \\$aBaker and Taylor$bBTCP$n2005299583
=938  \\$aYBP Library Services$bYANK$n2172129
=994  \\$a93$bNLVRD
=994  \\$cDELETED$bNLVRD$dRemoved from collection customer.57439.40

