=LDR  01655dam a2200469Ia 4500
=001  ocm60450955\
=003  OCoLC
=005  20200523093557.6
=008  050524s2005\\\\enk\\\\\\b\\\\001\0\eng\\
=040  \\$aDJB$beng$cDJB$dSLU$dOCL$dUKM$dNLGGC$dYDXCP$dOCLCF$dOCLCQ$dDHA$dOCLCQ
=015  \\$aGBA568216$2bnb
=016  7\$a013241870$2Uk
=020  \\$a1905017014
=020  \\$a9781905017010
=029  1\$aAU@$b000027295457
=029  1\$aNLGGC$b270091068
=029  1\$aYDXCP$b100371445
=035  \\$a(OCoLC)60450955
=050  \4$aK1763$b.V25 2005
=082  04$a344.01$222
=084  \\$a86.63$2bcl
=049  \\$aNLVA
=100  1\$aVandaele, Arne D. A.$q(Arne Daniel Albert),$d1972-
=245  10$aInternational labour rights and the social clause :$bfriends or foes /$cby Arne Vandaele.
=260  \\$aLondon :$bCameron May,$c2005.
=300  \\$a949 pages ;$c24 cm
=336  \\$atext$btxt$2rdacontent
=337  \\$aunmediated$bn$2rdamedia
=338  \\$avolume$bnc$2rdacarrier
=504  \\$aIncludes bibliographical references (pages 837-934) and index.
=650  \0$aEmployee rights.
=650  \0$aLabor laws and legislation, International.
=650  \0$aSocial rights.
=650  \0$aSocial legislation.
=650  \7$aEmployee rights.$2fast$0(OCoLC)fst00909055
=650  \7$aLabor laws and legislation, International.$2fast$0(OCoLC)fst00990025
=650  \7$aSocial legislation.$2fast$0(OCoLC)fst01122625
=650  \7$aSocial rights.$2fast$0(OCoLC)fst01122856
=650  17$aArbeidsrecht.$2gtt
=938  \\$aYBP Library Services$bYANK$n100371445
=994  \\$a93$bNLVRD
=994  \\$cDELETED$bNLVRD$dRemoved from collection customer.57439.40

