=LDR  01215dam a2200361Ma 4500
=001  ocm60668511\
=003  OCoLC
=005  20200523094523.8
=008  041021s2005\\\\enk\\\\f\\\\\\000\0\eng\\
=040  \\$aUKM$beng$cUKM$dBAKER$dBTCTA$dYDXCP$dBDX$dOCLCF$dOCLCO$dOCLCQ
=015  \\$aGBA551266$2bnb
=016  7\$a013221492$2Uk
=020  \\$a185043929X$q(hbk.)
=020  \\$a9781850439295$q(hbk.)
=029  1\$aNLGGC$b277934117
=035  \\$a(OCoLC)60668511
=082  04$a346.176702$222
=049  \\$aNLVA
=100  1\$aHassan, Hussein.
=245  10$aContracts in Islamic law /$cHussein Hassan.
=260  \\$aLondon :$bI.B. Tauris,$c2005.
=300  \\$a208 pages ;$c22 cm
=336  \\$atext$btxt$2rdacontent
=337  \\$aunmediated$bn$2rdamedia
=338  \\$avolume$bnc$2rdacarrier
=650  \0$aContracts (Islamic law)
=650  \7$aContracts (Islamic law)$2fast$0(OCoLC)fst00877008
=938  \\$aBaker & Taylor$bBKTY$c75.00$d75.00$i185043929X$n0006470288$sactive
=938  \\$aBrodart$bBROD$n100773109$c{dollar}75.00
=938  \\$aBaker and Taylor$bBTCP$nBK0006470288
=938  \\$aYBP Library Services$bYANK$n100395945
=994  \\$a93$bNLVRD
=994  \\$cDELETED$bNLVRD$dRemoved from collection customer.57439.40

