=LDR  01781dam a2200433Ma 4500
=001  ocm61176437\
=003  OCoLC
=005  20200523093755.1
=008  050223s2005\\\\nyu\\\\f\\\\\\000\0\eng\\
=040  \\$aUKM$beng$cUKM$dBAKER$dBTCTA$dYDXCP$dBDX$dOCLCF$dOCLCO$dOCLCQ$dAZT$dOCLCQ
=015  \\$aGBA562527$2bnb
=016  7\$a013260987$2Uk
=020  \\$a0195183622$q(hbk.)
=020  \\$a9780195183627$q(hbk.)
=029  1\$aNLGGC$b284847577
=029  1\$aNZ1$b9969166
=029  1\$aUNITY$b106139924
=035  \\$a(OCoLC)61176437
=082  04$a341.65$222
=049  \\$aNLVA
=100  1\$aJinks, Derek.
=245  14$aThe rules of war :$bthe Geneva Conventions in the age of terror /$cDerek Jinks.
=260  \\$aNew York ;$aOxford :$bOxford University Press,$c2005.
=300  \\$a224 pages ;$c22 cm
=336  \\$atext$btxt$2rdacontent
=337  \\$aunmediated$bn$2rdamedia
=338  \\$avolume$bnc$2rdacarrier
=611  20$aDiplomatic Conference for the Establishment of International Conventions for the Protection of Victims of War$d(1949 :$cGeneva, Switzerland)
=611  27$aDiplomatic Conference for the Establishment of International Conventions for the Protection of Victims of War.$2fast$0(OCoLC)fst01405136
=650  \0$aWar victims$xLegal status, laws, etc.
=650  \0$aTerrorism$xPrevention.
=650  \7$aTerrorism$xPrevention.$2fast$0(OCoLC)fst01148123
=650  \7$aWar victims$xLegal status, laws, etc.$2fast$0(OCoLC)fst01170695
=938  \\$aBaker & Taylor$bBKTY$c19.95$d14.96$i0195183622$n0006199485$sactive
=938  \\$aBrodart$bBROD$n03140903$c{dollar}19.95
=938  \\$aBaker and Taylor$bBTCP$nBK0006199485
=938  \\$aYBP Library Services$bYANK$n2210046
=994  \\$a93$bNLVRD
=994  \\$cDELETED$bNLVRD$dRemoved from collection customer.57439.40

