=LDR  01506dam a2200397 a 4500
=001  ocm63705653\
=003  OCoLC
=005  20200523093055.9
=008  060126s2005\\\\sg\\\\\\\l\\\\000\0\fre\\
=010  \\$a  2005325381
=040  \\$aDLC$beng$cDLC$dOCLCF$dOCLCO$dOCLCQ$dOCLCA
=020  \\$a2878380223
=020  \\$a9782878380224
=029  1\$aAU@$b000040080941
=029  1\$aNLGGC$b291976328
=035  \\$a(OCoLC)63705653
=042  \\$alcode
=043  \\$af-sg---
=050  00$aKTG4604.31965$b.A52 2005
=049  \\$aNLVA
=110  1\$aSenegal.
=240  10$aCode de procédure pénale
=245  10$aCode de procédure pénale du Sénégal annoté :$bcomplété par l'organisation de la compétence des juridictions, l'extradition et l'exécution des peines, le régime des éstablissements pénitentiaires, les maisons de justice, la médiation et la conciliation pénale /$cDoudou Ndoye.
=260  \\$a[Dakar] :$bEditions juridiques africaines,$c2005.
=300  \\$a501 pages ;$c18 cm
=336  \\$atext$btxt$2rdacontent
=337  \\$aunmediated$bn$2rdamedia
=338  \\$avolume$bnc$2rdacarrier
=500  \\$a"Réalisé par le Cabinet Doudou Ndoye."
=650  \0$aCriminal procedure$zSenegal.
=650  \7$aCriminal procedure.$2fast$0(OCoLC)fst00883421
=651  \7$aSenegal.$2fast$0(OCoLC)fst01204328
=700  1\$aNdoye, Doudou.
=710  2\$aCabinet d'avocats Doudou Ndoye.
=994  \\$a93$bNLVRD
=994  \\$cDELETED$bNLVRD$dRemoved from collection customer.57439.40

