=LDR  01431dam a2200409Ma 4500
=001  ocm65469749\
=003  OCoLC
=005  20200523094126.8
=008  051026s2006\\\\enk\\\\\\\\\\\000\0\eng\\
=040  \\$aUKM$beng$cUKM$dBAKER$dBTCTA$dYDXCP$dDEBSZ$dOCLCQ$dOCLCF$dOCLCO$dOCLCQ
=015  \\$aGBA637176$2bnb
=016  7\$a013438063$2Uk
=019  \\$a150344375
=020  \\$a184376007X$q(hbk.)
=020  \\$a9781843760078$q(hbk.)
=029  1\$aDEBSZ$b253804108
=029  1\$aNLGGC$b295702133
=035  \\$a(OCoLC)65469749$z(OCoLC)150344375
=082  04$a344.046$222
=049  \\$aNLVA
=100  1\$aMcEldowney, John F.
=245  10$aInternational handbook of environmental law /$cJohn McEldowney and Sharron McEldowney.
=260  \\$aCheltenham :$bEdward Elgar,$c2006.
=300  \\$apages cm.
=336  \\$atext$btxt$2rdacontent
=337  \\$aunmediated$bn$2rdamedia
=338  \\$avolume$bnc$2rdacarrier
=490  1\$aElgar original reference
=650  \0$aEnvironmental law, International.
=650  \7$aEnvironmental law, International.$2fast$0(OCoLC)fst00913170
=700  1\$aMcEldowney, Sharron.
=830  \0$aElgar original reference.
=938  \\$aBaker & Taylor$bBKTY$c100.00$d100.00$i184376007X$n0006754418$sactive
=938  \\$aBaker and Taylor$bBTCP$nBK0006754418
=938  \\$aYBP Library Services$bYANK$n2397286
=994  \\$a93$bNLVRD
=994  \\$cDELETED$bNLVRD$dRemoved from collection customer.57439.40

