=LDR  00715dam a2200241Mi 4500
=001  ocm65894709\
=003  OCoLC
=005  20200523092613.2
=008  050531s2005\\\\xxk\\\\\\\\\\\000\0\eng\d
=040  \\$aNLGGC$bdut$efobidrtb$cNLGGC$dOCLCQ$dKCP$dOCLCQ
=020  \\$a0415332648
=020  \\$a9780415332644
=029  0\$aNLGGC$b277133157
=035  \\$a(OCoLC)65894709
=049  \\$aNLVA
=100  1\$aHenderson, Karen.
=245  14$aThe European Union's New Democracies /$cKaren Henderson.
=260  \\$bRoutledge,$c2005.
=300  \\$ap. ;$c. cm
=336  \\$atekst$btxt$2rdacontent/dut
=337  \\$azonder medium$bn$2rdamedia/dut
=994  \\$a93$bNLVRD
=994  \\$cDELETED$bNLVRD$dRemoved from collection customer.57439.40

