=LDR  01533dam a2200409Mi 4500
=001  ocm66492622\
=003  OCoLC
=005  20200523092420.1
=008  050414s2005\\\\ne\\\\\\\\\\\\000\0\dut\d
=040  \\$aNLGGC$bdut$efobidrtb$cNLGGC$dBEATB
=015  \\$aB0505776$2bccb
=020  \\$a907668233X
=020  \\$a9789076682334
=029  0\$aNLGGC$b274576856
=035  \\$a(OCoLC)66492622
=041  1\$adut$heng
=084  \\$a15.70$2bcl
=049  \\$aNLVA
=100  1\$aWachsmann, Nikolaus,$d1971-$0(NL-LeOCL)263124940
=245  10$aHitlers gevangenissen :$bde rechtsorde in nazi-Duitsland /$cNikolaus Wachsmann ; vert. [uit het Engels] Corrie van den Berg en Carola Kloos.
=260  \\$a[Amsterdam] :$bDe Bezige Bij ;$a[Antwerpen] :$bManteau,$c2005.
=300  \\$a492 p., [16] p. pl. :$bill., krt. ;$c23 cm.
=336  \\$atekst$btxt$2rdacontent/dut
=337  \\$azonder medium$bn$2rdamedia/dut
=338  \\$aband$bnc$2rdacarrier/dut
=504  \\$aMet lit. opg.
=650  17$aGevangeniswezen.$2gtt
=650  17$aNationaal-socialisme.$2gtt
=650  17$aDerde Rijk.$2gtt
=651  \7$aDuitsland.$2gtt
=651  \4$aDuitsland$0(BE-AnANE)a::91.430:1
=648  \4$aanno 1940-1949$0(BE-AnANE)a::93.20.05:1
=648  \4$aanno 1930-1939$0(BE-AnANE)a::93.20.04:1
=700  1\$aBerg, Corrie van den.$0(NL-LeOCL)120416832
=765  0\$tHitler's prisons : legal terror in Nazi Germany.$dNew Haven, CT [etc.] : Yale University Press, 2004
=994  \\$a93$bNLVRD
=994  \\$cDELETED$bNLVRD$dRemoved from collection customer.57439.40

