=LDR  00859dam a2200241Mi 4500
=001  ocm66643078\
=003  OCoLC
=005  20200523094349.1
=008  030217s2002\\\\fr\\\\\\\\\\\\000\0\fre\d
=040  \\$aNLGGC$bdut$efobidrtb$cNLGGC$dDEBBG$dOCLCQ
=020  \\$z2110051160
=020  \\$a9782110051165
=020  \\$a2110051167
=029  0\$aNLGGC$b243082738
=029  1\$aDEBBG$bBV014659991
=035  \\$a(OCoLC)66643078
=084  \\$aPS 2460$2rvk
=049  \\$aNLVA
=245  04$aLes traités de Rome, Maastricht, Amsterdam et Nice :$ble traité sur lỦnion européenne et le traité instituant la Communauté europpéenne modifiés par le traité de Nice : textes comparés.
=260  \\$aParis :$bLa Documentation franca̧ise,$c2002.
=300  \\$a327 p. ;$c27 cm
=994  \\$a93$bNLVRD
=994  \\$cDELETED$bNLVRD$dRemoved from collection customer.57439.40

