=LDR  01016dam a2200289Mi 4500
=001  ocm66684114\
=003  OCoLC
=005  20200523094047.3
=008  030402s2002\\\\enk\\\\\\\\\\\000\0\eng\d
=040  \\$aNLGGC$bdut$efobidrtb$cNLGGC$dBAKER$dBTCTA$dYDXCP$dBDX$dOCLCQ
=019  \\$a149075941
=020  \\$a0521014808
=020  \\$a9780521014809
=029  0\$aNLGGC$b24435040X
=035  \\$a(OCoLC)66684114$z(OCoLC)149075941
=049  \\$aNLVA
=245  00$aRecreating Europe :$bthe European Unionś policy towards Central and Eastern Europe /$cAlan Mayhew.
=250  \\$a2nd ed.
=260  \\$aCambridge :$bCambridge University Press,$c2002.
=300  \\$a420 p. ;$c.cm
=700  1\$aMayhew, Alan.
=938  \\$aBaker & Taylor$bBKTY$c28.00$d28.00$i0521014808$n0003832629$sactive
=938  \\$aBrodart$bBROD$n58401482$c{dollar}28.00
=938  \\$aBaker and Taylor$bBTCP$nBK0003832629
=938  \\$aYBP Library Services$bYANK$n1824760
=994  \\$a93$bNLVRD
=994  \\$cDELETED$bNLVRD$dRemoved from collection customer.57439.40

