=LDR  00932dam a2200313Mi 4500
=001  ocm66723784\
=003  OCoLC
=005  20200523094330.7
=006  m\\\\\o\\d\\\\\\\\
=007  cr\|||||||||||
=008  050302s2015\\\\xxk\\\\\o\\\\\000\0\eng\d
=040  \\$aNLGGC$beng$efobidrtb$cNLGGC$dOCLCQ
=020  \\$a0333960475$q(hbk.)
=020  \\$a9780333960479$q(hbk.)
=020  \\$a0333960483$q(pbk.)
=020  \\$a9780333960486$q(pbk.)
=029  0\$aNLGGC$b27331131X
=035  \\$a(OCoLC)66723784
=049  \\$aNLVA
=100  1\$aRosamond, Ben.
=245  10$aGlobalization and the European Union /$cBen Rosamond.
=260  \\$aBasingstoke :$bPalgrave,$c2015.
=300  \\$a1 online resource (pages).
=336  \\$atext$btxt$2rdacontent
=337  \\$aunmediated$bc$2rdamedia
=338  \\$avolume$bcr$2rdacarrier
=490  0\$aThe new Europe
=994  \\$a93$bNLVRD
=994  \\$cDELETED$bNLVRD$dRemoved from collection customer.57439.40

