=LDR  04494dam a2200793Mi 4500
=001  ocm66779390\
=003  OCoLC
=005  20200523093149.2
=008  040126s2004\\\\gw\a\\\\\\\\\\000\0\ger\d
=040  \\$aNLGGC$bdut$efobidrtb$cNLGGC$dOCLCQ$dDEBSZ$dHEBIS$dN5L$dHIN$dDEBBG$dOCLCF$dOCLCO$dOCLCQ$dOCLCO$dOCL$dOCLCA$dOCL$dOCLCO
=015  \\$a04,N01,2293$2dnb
=016  7\$a969456786$2DE-101
=020  \\$a3930908948$q(Pp.)
=020  \\$a9783930908943$q(Pp.)
=024  3\$a9783930908943
=029  0\$aNLGGC$b259822809
=029  1\$aDEBBG$bBV017721917
=029  1\$aDEBSZ$b109118073
=029  1\$aGEBAY$b7255116
=029  1\$aHEBIS$b120442868
=035  \\$a(OCoLC)66779390
=041  1\$ager$heng
=043  \\$ae-gx---$ae-be---$ae-fr---
=045  0\$ax1x1
=082  04$a940
=084  \\$a15.70$2bcl
=084  \\$a8,1$2ssgn
=084  \\$aNP 4450$2rvk
=084  \\$at 194$2ifzs
=084  \\$at 43$2ifzs
=084  \\$at 45$2ifzs
=084  \\$at 92$2ifzs
=049  \\$aNLVA
=100  1\$aHorne, John.
=240  10$aGerman atrocities 1914
=245  10$aDeutsche Kriegsgreuel 1914 :$bdie umstrittene Wahrheit /$cJohn Horne und Alan Kramer ; Aus dem Engl. von Udo Rennert.
=250  \\$a1. Aufl.
=260  \\$aHamburg :$bHamburger Edition,$c2004.
=300  \\$a741 p. :$bill. ;$c24 cm
=504  \\$aLit. opg.: p. 663-709.
=520  \\$aIs it true that the German army, invading Belgium and France in August 1914, perpetrated brutal atrocities? Or are accounts of the deaths of thousands of unarmed civilians mere fabrications constructed by fanatically anti-German Allied propagandists? Based on research in the archives of Belgium, Britain, France, Germany, and Italy, this pathbreaking book uncovers the truth of the events of autumn 1914 and explains how the politics of propaganda and memory have shaped radically different versions of that truth. John Horne and Alan Kramer mine military reports, official and private records, witness evidence, and war diaries to document the crimes that scholars have long denied: a campaign of brutality that led to the deaths of some 6500 Belgian and French civilians. Contemporary German accounts insisted that the civilians were guerrillas, executed for illegal resistance. In reality this claim originated in a vast collective delusion on the part of German soldiers. The authors establish how this myth originated and operated, and how opposed Allied and German views of events were used in the propaganda war. They trace the memory and forgetting of the atrocities on both sides up to and beyond World War II. Meticulously researched and convincingly argued, this book reopens a painful chapter in European history while contributing to broader debates about myth, propaganda, memory, war crimes, and the nature of the First World War. Winner of the Fraenkel Prize for Contemporary History in 2000.
=650  \0$aWorld War, 1914-1918$xAtrocities.
=650  \0$aWorld War, 1914-1918$zGermany.
=650  \0$aWorld War, 1914-1918$zBelgium.
=650  \0$aWorld War, 1914-1918$zFrance.
=650  \0$aWar crimes.
=650  \7$aAtrocities.$2fast$0(OCoLC)fst00820727
=650  \7$aWar crimes.$2fast$0(OCoLC)fst01170465
=651  \7$aBelgium.$2fast$0(OCoLC)fst01210278
=651  \7$aFrance.$2fast$0(OCoLC)fst01204289
=651  \7$aGermany.$2fast$0(OCoLC)fst01210272
=650  17$aEerste Wereldoorlog.$2gtt
=650  17$aOorlogsmisdaden.$2gtt
=650  \7$aBrutalität$2gnd
=650  \7$aMilitär$2gnd
=650  \7$aPsychologische Kriegführung$2gnd
=650  \7$aWeltkrieg$g1914-1918$2gnd
=651  \7$aDeutschland$2gnd
=651  \7$aDeutschland.$2swd
=647  \7$aWorld War$d(1914-1918)$2fast$0(OCoLC)fst01180746
=648  \4$aGeschichte 1914.
=648  \7$a1914-1918$2fast
=700  1\$aKramer, Alan R.,$chistoricus,$d1954-
=856  41$3Inhaltsverzeichnis$uhttp://bvbr.bib-bvb.de:8991/F?func=service&doc_library=BVB01&doc_number=010652816&line_number=0002&func_code=DB_RECORDS&service_type=MEDIA
=856  41$3Inhaltsverzeichnis$uhttp://bvbr.bib-bvb.de:8991/F?func=service&doc_library=BVB01&local_base=BVB01&doc_number=010652816&line_number=0002&func_code=DB_RECORDS&service_type=MEDIA
=856  41$3Inhaltsverzeichnis$uhttp://www.gbv.de/dms/bs/toc/375996095.pdf$zKostenfrei
=856  4\$uhttp://bvbm1.bib-bvb.de/webclient/DeliveryManager?pid=212036&custom_att_2=simple_viewer$zRezension
=994  \\$a93$bNLVRD
=994  \\$cDELETED$bNLVRD$dRemoved from collection customer.57439.40

