=LDR  01316dam a2200301Mi 4500
=001  ocm67874164\
=003  OCoLC
=005  20200523093016.1
=008  990517s1953\\\\gw\\\\\\\\\\\\000\0\ger\d
=040  \\$aNLGGC$bdut$efobidrtb$cNLGGC$dOCLCQ
=029  0\$aNLGGC$b182734544
=029  1\$aHEBIS$b213331314
=035  \\$a(OCoLC)67874164
=049  \\$aNLVA
=100  1\$aThieme, Hans.
=245  10$aHugo Grotius: De jure belli ac pacis libri tres =$bDrei Bücher vom Recht des Krieges und des Friedens, Paris 1625 : nebst einer Vorrede von Christian Thomasius zur ersten deutschen Ausg. des Grotius vom Jahre 1707, neuer deutscher Text und Einl. von Walter Schätzel /$cHans Thieme ; [Rezension].
=246  3\$aDe jure belli ac pacis libri tres
=246  3\$aDrei Bücher vom Recht des Krieges und des Friedens
=260  \\$a[Göttingen],$c[1953]
=300  \\$a8 p. ;$c24 cm
=500  \\$aOver de uitgave Tübingen: Mohr. [XXX, 650 p.] 1950.
=580  \\$aOverdr. uit: Göttingische gelehrte Anzeigen; Jhrg. 207, Nr. 3/4.
=700  1\$aGrotius, Hugo de,$d1583-1645.
=700  1\$aThomasius, Christian,$d1655-1728.
=700  1\$aSchätzel, Walter,$d1890-
=787  18$tGöttingische gelehrte Anzeigen; Jhrg. 207, Nr. 3/4
=994  \\$a93$bNLVRD
=994  \\$cDELETED$bNLVRD$dRemoved from collection customer.57439.40

