=LDR  01259dam a2200397Mi 4500
=001  ocm68355804\
=003  OCoLC
=005  20200523094117.1
=008  970530s2009\\\\enk\\\\\\\\\\\000\0\eng\d
=040  \\$aNLGGC$bdut$efobidrtb$cNLGGC$dOCLCQ
=015  \\$aGB97Y1780$2bnb
=020  \\$a0421413905$q(pbk.)
=020  \\$a9780421413900$q(pbk.)
=029  0\$aNLGGC$b158360605
=029  1\$aDEBBG$bBV013784536
=035  \\$a(OCoLC)68355804
=082  04$a341.7511
=084  \\$a86.27$2bcl
=084  \\$a83.44$2bcl
=049  \\$aNLVA
=100  1\$aPenn, Graham.
=245  10$aLaw & practice of international banking /$cGraham Penn and Tony Shea ; contri. ed., Andrew Haynes.
=246  3\$aLaw and practice of international banking
=250  \\$a2nd ed.
=260  \\$aLondon :$bSweet & Maxwell,$c2009.
=300  \\$a700 p. ;$c? cm
=336  \\$atekst$btxt$2rdacontent/dut
=337  \\$azonder medium$bn$2rdamedia/dut
=338  \\$aband$bnc$2rdacarrier/dut
=500  \\$a1st ed. 1987.
=650  17$aBankrecht.$2gtt$0(NL-LeOCL)078444101
=650  17$aInternationaal handelsrecht.$2gtt$0(NL-LeOCL)078547458
=700  1\$aShea, Tony.
=700  1\$aHaynes, Andrew.
=994  \\$a93$bNLVRD
=994  \\$cDELETED$bNLVRD$dRemoved from collection customer.57439.40

