=LDR  00548dam a2200181Mi 4500
=001  ocm68725862\
=003  OCoLC
=005  20200523094158.3
=008  960604s1994\\\\xx\\\\\\\\\\\\000\0\ger\d
=040  \\$aNLGGC$bdut$efobidrtb$cNLGGC$dOCLCQ
=029  0\$aNLGGC$b148415571
=035  \\$a(OCoLC)68725862
=049  \\$aNLVA
=100  1\$aOtter, Andrea.
=245  10$aStaatensukzession in Verträge am Beispiel Sloweniens /$cAndrea Otter.
=260  \\$a[S.l.] :$b[s.n.],$c1994.
=994  \\$a93$bNLVRD
=994  \\$cDELETED$bNLVRD$dRemoved from collection customer.57439.40

