=LDR  00600dam a2200181Mi 4500
=001  ocm68725884\
=003  OCoLC
=005  20200523094158.3
=008  960604s1991\\\\xx\\\\\\\\\\\\000\0\ger\d
=040  \\$aNLGGC$bdut$efobidrtb$cNLGGC$dOCLCQ
=029  0\$aNLGGC$b148417493
=035  \\$a(OCoLC)68725884
=049  \\$aNLVA
=100  1\$aLippay, Georg.
=245  10$aDasProblem der Staatennachfolge in Verträge, Schulden, Vermögen und Archive :$banhand der Wiedervereinigung der BRD ...
=260  \\$a[S.l.] :$b[s.n.],$c1991.
=994  \\$a93$bNLVRD
=994  \\$cDELETED$bNLVRD$dRemoved from collection customer.57439.40

