=LDR  00605dam a2200181M  4500
=001  ocm68725891\
=003  OCoLC
=005  20200523094158.3
=008  960604s1994\\\\xx\\\\\\\\\\\\000\0\ger\d
=040  \\$aNLGGC$bdut$efobidrtb$cNLGGC$dOCLCQ
=029  0\$aNLGGC$b148417698
=035  \\$a(OCoLC)68725891
=049  \\$aNLVA
=100  1\$aSchedelberger, Wolfgang.
=245  10$aAktuelle Probleme der Staatennachfolge unter besonderer Berücksichtigung von Auswirkungen auf die Mitgliedschaft ...
=260  \\$a[S.l.] :$b[s.n.],$c1994.
=994  \\$a93$bNLVRD
=994  \\$cDELETED$bNLVRD$dRemoved from collection customer.57439.40

