=LDR  00682dam a2200241Mi 4500
=001  ocm69037742\
=003  OCoLC
=005  20200523093053.2
=008  960112s2001\\\\enk\\\\\\\\\\\000\0\eng\d
=040  \\$aNLGGC$bdut$efobidrtb$cNLGGC$dYDXCP$dOCLCQ
=020  \\$a1860640508
=020  \\$a9781860640506
=029  0\$aNLGGC$b144027593
=035  \\$a(OCoLC)69037742
=084  \\$a15.75$2bcl
=049  \\$aNLVA
=100  1\$aVali, Abbas.
=245  10$aKurds and ethnicity in Iran /$cAbbas Vali.
=260  \\$aLondon :$bTauris,$c2001.
=300  \\$a256 p
=938  \\$aYBP Library Services$bYANK$n1226136
=994  \\$a93$bNLVRD
=994  \\$cDELETED$bNLVRD$dRemoved from collection customer.57439.40

