=LDR  00650dam a2200217Mi 4500
=001  ocm71597402\
=003  OCoLC
=005  20200523091628.4
=008  040202s2004\\\\enk\\\\\\\\\\\000\0\eng\d
=040  \\$aNLGGC$bdut$efobidrtb$cNLGGC$dYDXCP$dOCLCQ
=020  \\$a0406127816
=020  \\$a9780406127815
=029  0\$aNLGGC$b260279277
=035  \\$a(OCoLC)71597402
=049  \\$aNLVA
=100  1\$aSalter, Richard.
=245  14$aThe modern Law of Guarantees /$cRichard Salter.
=260  \\$aLondon :$bButterworths,$c2004.
=938  \\$aYBP Library Services$bYANK$n100065607
=994  \\$a93$bNLVRD
=994  \\$cDELETED$bNLVRD$dRemoved from collection customer.57439.40

