=LDR  00842dam a2200277Mi 4500
=001  ocm71602746\
=003  OCoLC
=005  20200523091630.0
=008  040730s2004\\\\xx\\\\\\\\\\\\000\0\und\d
=040  \\$aNLGGC$bdut$efobidrtb$cNLGGC
=019  \\$a144529663
=020  \\$a0521014875
=020  \\$a9780521014878
=029  0\$aNLGGC$b26630432X
=035  \\$a(OCoLC)71602746$z(OCoLC)144529663
=049  \\$aNLVA
=100  1\$aRuane, Josep.
=245  14$aThe Dynamics of Conflict in Northern Ireland /$cJosep  Ruane, Jennifer Todd.
=260  \\$aCambridge University Press,$c2004.
=300  \\$c.. cm.
=336  \\$atekst$btxt$2rdacontent/dut
=337  \\$azonder medium$bn$2rdamedia/dut
=338  \\$aband$bnc$2rdacarrier/dut
=700  1\$aTodd, Jennifer.
=994  \\$a93$bNLVRD
=994  \\$cDELETED$bNLVRD$dRemoved from collection customer.57439.40

