=LDR  00610dam a2200217M  4500
=001  ocm71604673\
=003  OCoLC
=005  20200523091630.8
=008  041102s2006\\\\xx\\\\\\\\\\\\000\0\und\d
=040  \\$aNLGGC$bdut$efobidrtb$cNLGGC$dWLL$dOCLCQ
=020  \\$a1840147156
=020  \\$a9781840147155
=029  0\$aNLGGC$b269239278
=035  \\$a(OCoLC)71604673
=049  \\$aNLVA
=100  1\$aBovis, Christopher.
=245  10$aInternational Trade Law.
=260  \\$aAshgate,$c2006.
=700  1\$aSuvedī, Sūryaprasāda,$d1957-
=994  \\$a93$bNLVRD
=994  \\$cDELETED$bNLVRD$dRemoved from collection customer.57439.40

