=LDR  00701dam a2200241Mi 4500
=001  ocm71736741\
=003  OCoLC
=005  20200523092334.8
=008  060118s2006\\\\xx\\\\\\\\\\\\000\0\eng\d
=040  \\$aNLGGC$bdut$efobidrtb$cNLGGC$dOCLCQ
=020  \\$a0415385784
=020  \\$a9780415385787
=029  0\$aNLGGC$b291233899
=035  \\$a(OCoLC)71736741
=049  \\$aNLVA
=245  00$aUK and EU Competition Law.
=260  \\$bRoutledge Taylor & Francis Books Ltd,$c2006.
=300  \\$c. cm
=336  \\$atekst$btxt$2rdacontent/dut
=337  \\$azonder medium$bn$2rdamedia/dut
=338  \\$aband$bnc$2rdacarrier/dut
=994  \\$a93$bNLVRD
=994  \\$cDELETED$bNLVRD$dRemoved from collection customer.57439.40

