=LDR  01671dam a2200457Ma 4500
=001  ocm78989012\
=003  OCoLC
=005  20200523092349.4
=008  061220s2007\\\\enk\\\\\\\\\\\000\0\eng\\
=040  \\$aUKM$beng$cUKM$dBAKER$dBTCTA$dYDXCP$dOCLCG$dOCLCO$dOCLCF$dOCLCO$dOCLCQ
=015  \\$aGBA704359$2bnb
=016  7\$a013645339$2Uk
=020  \\$a9780415423274$q(hbk.)
=020  \\$a0415423279$q(hbk.)
=029  1\$aNLGGC$b301661669
=029  1\$aNZ1$b11202230
=035  \\$a(OCoLC)78989012
=043  \\$af------
=082  04$a382.92096$222
=049  \\$aNLVA
=100  1\$aLee, Donna,$d1963-
=245  10$aAfrica in the World Trade Organisation /$cDonna Lee.
=260  \\$aLondon :$bRoutledge,$c2007.
=300  \\$apages cm.
=336  \\$atext$btxt$2rdacontent
=337  \\$aunmediated$bn$2rdamedia
=338  \\$avolume$bnc$2rdacarrier
=490  1\$aRoutledge/RIPE series in global political economy
=610  20$aWorld Trade Organization$zAfrica.
=610  27$aWorld Trade Organization.$2fast$0(OCoLC)fst00697669
=650  \0$aForeign trade regulation$zAfrica.
=651  \0$aAfrica$xForeign economic relations.
=650  \7$aForeign trade regulation.$2fast$0(OCoLC)fst00931923
=650  \7$aInternational economic relations.$2fast$0(OCoLC)fst00976891
=651  \7$aAfrica.$2fast$0(OCoLC)fst01239509
=830  \0$aRoutledge/RIPE series in global political economy.
=938  \\$aBaker & Taylor$bBKTY$c140.00$d140.00$i0415423279$n0007205169$sactive
=938  \\$aBaker and Taylor$bBTCP$nBK0007205169
=938  \\$aYBP Library Services$bYANK$n100462287
=994  \\$a93$bNLVRD
=994  \\$cDELETED$bNLVRD$dRemoved from collection customer.57439.40

