=LDR  05305dam a22008294a 4500
=001  ocn123232364
=003  OCoLC
=005  20200523094914.2
=008  070412s2007\\\\ctuab\\\\b\\\\001\0\eng\\
=010  \\$a  2007015551
=040  \\$aDLC$beng$cDLC$dBAKER$dBTCTA$dC#P$dBWX$dYDXCP$dUPP$dIG#$dTTU$dNLGGC$dOCLCQ$dILU$dOCLCQ$dOCLCO$dOCLCQ$dUKM$dOCLCF$dOCLCQ$dDEBSZ$dOCLCO$dOCLCQ$dOCLCO$dUCW$dOCLCQ$dCSJ$dOCLCQ$dCCH$dOCLCA$dCEF$dTKN$dCSO$dTYC$dMUO$dCRU$dFQG$dOCLCQ$dCPO$dNAM$dSNN$dNJR$dBUB$dGILDS$dQE2$dBGU$dAU@$dTFW$dUAB$dWYU$dUKMGB$dOCLCQ$dUWO$dIOG$dYOU$dGDC$dOCLCQ$dLGG$dOCLCQ$dAZU$dUWW$dDKC$dTJC$dOCLCQ$dOCLCO$dOCLCQ$dL2U
=015  \\$aGBA776960$2bnb
=016  7\$a014015685$2Uk
=019  \\$a173498858$a891160237$a1022693195
=020  \\$a9780300120202$q(alk. paper)
=020  \\$a0300120206$q(alk. paper)
=024  3\$a9780300120202
=024  8\$a99819047147
=029  1\$aAU@$b000041544081
=029  1\$aDEBSZ$b274441241
=029  1\$aIG#$b9780300120202
=029  1\$aNLGGC$b306223104
=029  1\$aUKMGB$b014015685
=035  \\$a(OCoLC)123232364$z(OCoLC)173498858$z(OCoLC)891160237$z(OCoLC)1022693195
=042  \\$apcc
=043  \\$acl-----$ae-sp---
=050  00$aPQ7082.N7$bA256 2007
=082  00$a863/.30998$222
=084  \\$a18.33$2bcl
=049  \\$aNLVA
=100  1\$aAdorno, Rolena.
=245  14$aThe polemics of possession in Spanish American narrative /$cRolena Adorno.
=260  \\$aNew Haven :$bYale University Press,$c©2007.
=300  \\$axix, 428 pages :$billustrations, maps ;$c25 cm
=336  \\$atext$btxt$2rdacontent
=337  \\$aunmediated$bn$2rdamedia
=338  \\$avolume$bnc$2rdacarrier
=504  \\$aIncludes bibliographical references (pages 383-413) and index.
=505  00$tThe polemics of possession in Spanish American narrative --$tFelipe Guaman Poma de Ayala and the polemics of possession --$tFray Bartolomé de las Casas : polemicist and author --$tCouncilors warring at the royal court --$tHistorians of war and princely warriors --$tThe encomendero and his literary interlocutors --$tThe conquistador-chronicler and his literary authority --$tThe Amerindian : studied, interpreted, and imagined --$tThe narrative invention of Gonzalo the Warrior --$tThe narrative reinvention of the conqueror "captive" --$tFrom Guancane to Macondo : literary places and their predecessors --$tSeeing ghosts: the longevity of "serpents in sandals."
=520  1\$a"In this book on early Latin American narrative, Rolena Adorno argues that the core of the Spanish American literary tradition consists of the writings in which the rights to Spanish dominion in the Americas and the treatment of its natives were debated. She places the works of canonical Spanish and Amerindian writers of the sixteenth and seventeenth centuries within this larger polemic and shows how their works sought credibility within the narrative system itself, rather than in the irretrievable historical events that lay outside it."
=520  8\$a"The triumph of the narrative mode over historical content is further revealed in Adorno's demonstration of how these authors and their historical protagonists have been polemically reinvented up to the present day. Adorno traces the elaboration and persistence of colonial-era debates cast in narrative form to arrive at a new understanding of the role the "polemics of possession" plays in the history of Latin American literature and thought."--Jacket.
=650  \0$aSpanish American fiction$yTo 1800$xHistory and criticism.
=651  \0$aLatin America$xCivilization$y16th century.
=651  \0$aLatin America$xCivilization$y17th century.
=651  \0$aSpain$xIn literature.
=650  \0$aImperialism in literature.
=650  \0$aColonies in literature.
=650  \7$a18.33 Spanish-American literature.$0(NL-LeOCL)077612132$2bcl
=650  \7$aCivilization.$2fast$0(OCoLC)fst00862898
=650  \7$aColonies in literature.$2fast$0(OCoLC)fst00868477
=650  \7$aImperialism in literature.$2fast$0(OCoLC)fst00968142
=650  \7$aLiterature.$2fast$0(OCoLC)fst00999953
=650  \7$aSpanish American fiction.$2fast$0(OCoLC)fst01128187
=651  \7$aLatin America.$2fast$0(OCoLC)fst01245945
=651  \7$aSpain.$2fast$0(OCoLC)fst01204303
=650  17$aSpaans.$2gtt
=650  17$aFictie.$2gtt
=650  17$aPolemieken.$2gtt
=650  17$aBezit.$2gtt
=651  \7$aLatijns-Amerika.$2gtt
=648  \7$aTo 1800$2fast
=655  \7$aCriticism, interpretation, etc.$2fast$0(OCoLC)fst01411635
=776  08$iOnline version:$aAdorno, Rolena.$tPolemics of possession in Spanish American narrative.$dNew Haven : Yale University Press, ©2007$w(OCoLC)608418605
=856  41$3Table of contents$uhttp://catdir.loc.gov/catdir/toc/ecip0715/2007015551.html
=856  42$3Contributor biographical information$uhttp://catdir.loc.gov/catdir/enhancements/fy0714/2007015551-b.html
=856  42$3Publisher description$uhttp://catdir.loc.gov/catdir/enhancements/fy0714/2007015551-d.html
=938  \\$aBaker & Taylor$bBKTY$c55.00$d55.00$i0300120206$n0007225451$sactive
=938  \\$aBaker and Taylor$bBTCP$nBK0007225451
=938  \\$aIngram$bINGR$n9780300120202
=938  \\$aYBP Library Services$bYANK$n2562945
=994  \\$a93$bNLVRD
=994  \\$cDELETED$bNLVRD$dRemoved from collection customer.57439.40

