=LDR  02008dam a2200541 a 4500
=001  ocn141379221
=003  OCoLC
=005  20200523095127.3
=008  070524s2007\\\\enkabc\\\b\\\\000\0\eng\\
=040  \\$aUKM$beng$cUKM$dYDXCP$dNLA$dOCLCO$dOCLCQ$dOCLCF$dUKMGB
=015  \\$aGBA742468$2bnb
=016  7\$a013760169$2Uk
=019  \\$a744531442
=020  \\$a9780862104245$q(pbk.)
=020  \\$a0862104246$q(pbk.)
=029  1\$aAU@$b000041701000
=029  1\$aNLGGC$b308886313
=029  1\$aNZ1$b11423942
=029  1\$aUKMGB$b013760169
=035  \\$a(OCoLC)141379221$z(OCoLC)744531442
=042  \\$aukscp
=043  \\$an-us---
=050  \4$aHV6592$b.M39 2007
=082  04$a364.153208997073$222
=049  \\$aNLVA
=110  2\$aAmnesty International.
=245  10$aMaze of injustice :$bthe failure to protect indigenous women from sexual violence in the USA.
=260  \\$aLondon :$bAmnesty International,$c©2007.
=300  \\$av, 100 pages :$bcolor illustrations, maps, portraits ;$c25 cm
=336  \\$atext$btxt$2rdacontent
=337  \\$aunmediated$bn$2rdamedia
=338  \\$avolume$bnc$2rdacarrier
=504  \\$aIncludes bibliographical references.
=650  \0$aSexual abuse victims$xProtection$zUnited States.
=650  \0$aSexual abuse victims$xServices for$zUnited States.
=650  \0$aIndigenous women$zUnited States.
=650  \0$aIndigenous women$zUnited States$xSocial conditions.
=650  \0$aHuman rights$zUnited States.
=650  \0$aHuman rights workers$zUnited States.
=650  \7$aHuman rights.$2fast$0(OCoLC)fst00963285
=650  \7$aHuman rights workers.$2fast$0(OCoLC)fst00963353
=650  \7$aIndigenous women.$2fast$0(OCoLC)fst00970270
=650  \7$aSexual abuse victims$xServices for.$2fast$0(OCoLC)fst01114793
=651  \7$aUnited States.$2fast$0(OCoLC)fst01204155
=710  2\$aAmnesty International.
=938  \\$aYBP Library Services$bYANK$n2796726
=994  \\$a93$bNLVRD
=994  \\$cDELETED$bNLVRD$dRemoved from collection customer.57439.40

