=LDR  00854dam a2200265Mi 4500
=001  ocn150191535
=003  OCoLC
=005  20200523094150.2
=008  061016s2007\\\\xxk\\\\\\\\\\\000\0\eng\d
=040  \\$aNLGGC$bdut$efobidrtb$cNLGGC$dYDXCP$dOCLCQ
=020  \\$a1845428420$q(hardcover)
=020  \\$a9781845428426
=029  0\$aNLGGC$b297518542
=029  1\$aDEBBG$bBV021774658
=035  \\$a(OCoLC)150191535
=084  \\$a83.42$2bcl
=049  \\$aNLVA
=245  00$aChina's accession to the WTO :$bimpact on China and the Asia-Pacific Region /$ced. by Tianshu Chu and Kar-yiu Wong.
=260  \\$aCheltenham, UK :$bElgar,$c2007.
=300  \\$a304 p. ;$c. cm
=700  1\$aChu, Tianshu.
=700  1\$aWong, Kar-yiu.
=938  \\$aYBP Library Services$bYANK$n100455445
=994  \\$a93$bNLVRD
=994  \\$cDELETED$bNLVRD$dRemoved from collection customer.57439.40

