=LDR  00847dam a2200265Mi 4500
=001  ocn150396471
=003  OCoLC
=005  20200523094407.6
=008  060821s2006\\\\ir\\\\\\\\\\\\000\0\eng\d
=040  \\$aNLGGC$efobidrtb$bdut$cNLGGC$dOCLCQ
=020  \\$a3789050148
=020  \\$a9783789050145
=029  0\$aNLGGC$b296858455
=035  \\$a(OCoLC)150396471
=049  \\$aNLVA
=100  1\$aClarke, Blanaid.
=245  10$aIrish law /$cBlanaid Clarke, Brian Hutchinson.
=260  \\$aBaden-Baden :$bNomos,$c2006.
=300  \\$ap. ;$c23 cm.
=490  1\$aDie Rechtsordnungen der europäischen Staaten ;$vBd. 6
=504  \\$aMet lit. opg. en index.
=700  1\$aHutchinson, Brian,$ejoint author.
=830  \0$aRechtsordnungen der europäischen Staaten ;$vBd. 6.
=994  \\$a93$bNLVRD
=994  \\$cDELETED$bNLVRD$dRemoved from collection customer.57439.40

