=LDR  01651dam a2200433Mi 4500
=001  ocn150406848
=003  OCoLC
=005  20200523094408.1
=008  060905s2004\\\\sz\\\\\\\\\\\\000\0\por\d
=040  \\$aNLGGC$bdut$efobidrtb$cNLGGC$dL2U$dOCLCQ
=029  0\$aNLGGC$b297042432
=035  \\$a(OCoLC)150406848
=041  0\$apor$aeng$bpor$beng
=045  \\$at9u0
=084  \\$a15.70$2bcl
=084  \\$a15.75$2bcl
=049  \\$aNLVA
=245  00$aEncontros e desencontros europeus no Mar do Sul da China I =$bEuropean encounters and clashes in the South China Sea I /$cnota preambular/foreword: Rui Manuel Loureiro ; [colab.: Peter Borschberg ... et al.].
=246  3\$aEuropean encounters and clashes in the South China Sea I
=260  \\$aMacau :$bInstituto Cultural de Macau,$c2004.
=300  \\$a178 p. :$bill. ;$c28 cm.
=490  1\$aRevista de Cultura : 11
=500  \\$aOmslagtitel.
=500  \\$aBijdr. in het Portugees of Engels met samenvattingen in het Portugees en Engels.
=500  \\$aI.
=650  17$aPortugezen.$2gtt
=650  17$aWaarneming.$2gtt
=650  17$aVereenigde Oost-Indische Compagnie.$2gtt
=650  17$aPortugese koloniën.$2gtt
=651  \7$aAzië$2gtt
=651  \7$aGrote Oceaan.$2gtt
=650  \7$a15.70 history of Europe.$2bcl
=650  \7$a15.75 history of Asia.$2bcl
=700  1\$aLoureiro, Rui Manuel,$d1955-
=700  1\$aBorschberg, Peter.
=710  2\$aInstituto Cultural de Macau.
=830  \0$aRevista de cultura ;$vint. ed. 11 (julho/july 2004).$x0872-4393$w(NL-LeOCL)157337839$w(OCoLC)33350122
=994  \\$a93$bNLVRD
=994  \\$cDELETED$bNLVRD$dRemoved from collection customer.57439.40

