=LDR  02761dam a2200661 a 4500
=001  ocn156902524
=003  OCoLC
=005  20200523091454.4
=008  070613s2007\\\\ii\\\\\\\b\\\\000\0\eng\\
=010  \\$a  2007388130
=040  \\$aDLC$beng$cDLC$dBTCTA$dDKAGE$dNLGGC$dOCLCQ$dOCLCF$dOCLCO$dOCL$dOCLCO$dOCL$dOCLCQ$dOCLCA$dOCL$dL2U$dOCL
=020  \\$a8182471443$q(set)
=020  \\$a9788182471443$q(set)
=025  \\$aI-E-2007-388130; 56-92
=029  1\$aAU@$b000041965440
=029  1\$aCHBIS$b010249990
=029  1\$aCHVBK$b337227160
=029  1\$aNLGGC$b315204699
=035  \\$a(OCoLC)156902524
=037  \\$bLibrary of Congress -- New Delhi Overseas Office$cRs3995.00 (set)
=041  1\$aeng$hmar
=042  \\$alcode
=043  \\$aa-ii---
=050  00$aDS481.S36$bA25213 2007
=082  04$a954.035 092$222
=084  \\$a15.75$2bcl
=049  \\$aNLVA
=100  1\$aSavarkar, Vinayak Damodar,$d1883-1966.
=240  10$aWorks.$kSelections.$lEnglish.$f2007
=245  10$aSelected works of Veer Savarkar.
=250  \\$a1st ed.
=260  \\$aChandigarh :$bAbhishek Publications,$c2007.
=300  \\$a4 volumes ;$c23 cm
=336  \\$atext$btxt$2rdacontent
=337  \\$aunmediated$bn$2rdamedia
=338  \\$avolume$bnc$2rdacarrier
=504  \\$aIncludes bibliographical references.
=505  0\$avol. 1. The Indian war of independence, 1857 -- vol. 2. My transportation for life -- vol. 3. Six glorious epochs of India history ; Dedication to martyrs of 1857 ; Letters from Andaman & Nichobar ; Miscellaneous statements & writings -- vol. 4. Hindu-pad-padashahi ; Hindu rashtra darshan ; Essentials of Hindutva.
=600  10$aSavarkar, Vinayak Damodar,$d1883-1966.
=600  17$aSavarkar, Vinayak Damodar,$d1883-1966.$2fast$0(OCoLC)fst00009621
=651  \0$aIndia$xHistory$ySepoy Rebellion, 1857-1858.
=651  \0$aIndia$xPolitics and government$y1857-1919.
=651  \0$aIndia$xPolitics and government$y1919-1947.
=650  \0$aRevolutionaries$zIndia$vBiography.
=650  \0$aHinduism and state$zIndia.
=650  \7$a15.75 history of Asia.$0(NL-LeOCL)077599616$2bcl
=650  \7$aHinduism and state.$2fast$0(OCoLC)fst00957172
=650  \7$aPolitics and government$2fast$0(OCoLC)fst01919741
=650  \7$aRevolutionaries.$2fast$0(OCoLC)fst01096578
=651  \7$aIndia.$2fast$0(OCoLC)fst01210276
=647  \7$aSepoy Rebellion$c(India :$d1857-1858)$2fast$0(OCoLC)fst01354692
=648  \7$a1857-1947$2fast
=655  \7$aBiographies.$2fast$0(OCoLC)fst01919896
=655  \7$aHistory.$2fast$0(OCoLC)fst01411628
=938  \\$aBaker and Taylor$bBTCP$n2007388130
=938  \\$aD.K. Agencies (P) Ltd.$bDKAP$nDK-174361-HBD
=994  \\$a93$bNLVRD
=994  \\$cDELETED$bNLVRD$dRemoved from collection customer.57439.40

