=LDR  01073dam a22003133u 4500
=001  ocn166379188
=003  OCoLC
=005  20200523094429.7
=008  070804s2009\\\\xx\\\\\\\\\\\\000\0\eng\d
=040  \\$aBTCTA$beng$cBTCTA$dBAKER$dYDXCP$dOCLCQ
=019  \\$a166383050
=020  \\$a9780415772457
=020  \\$a0415772451
=020  \\$a9780415772440
=020  \\$a0415772443
=029  1\$aNLGGC$b320544826
=035  \\$a(OCoLC)166379188$z(OCoLC)166383050
=049  \\$aNLVA
=245  00$aCritical International Relations :$ban Introduction: from the Barbarian to the Cyborg.
=260  \\$bRoutledge,$c2009.
=336  \\$atext$btxt$2rdacontent
=337  \\$aunmediated$bn$2rdamedia
=720  \\$aDer Derian, Jame.
=938  \\$aBaker & Taylor$bBKTY$c39.95$d39.95$i0415772451$n0007382904$sactive
=938  \\$aBaker & Taylor$bBKTY$c150.00$d150.00$i0415772443$n0007391669$sactive
=938  \\$aBaker and Taylor$bBTCP$nBK0007382904
=938  \\$aYBP Library Services$bYANK$n4082084
=994  \\$a93$bNLVRD
=994  \\$cDELETED$bNLVRD$dRemoved from collection customer.57439.40

