=LDR  01994dam a2200529Ma 4500
=001  ocn166379347
=003  OCoLC
=005  20200523094429.9
=008  080122s2008\\\\enk\\\\\\\\\\\000\0\eng\\
=040  \\$aUKM$beng$cUKM$dBTCTA$dBAKER$dYDXCP$dOCLCQ$dOCLCF$dOCLCO$dOCLCQ$dOCL$dOCLCQ
=015  \\$aGBA813165$2bnb
=016  7\$a014507893$2Uk
=019  \\$a166383905
=020  \\$a9780415412438$q(hbk.)
=020  \\$a0415412439$q(hbk.)
=020  \\$a0415412447$q(pbk.)
=020  \\$a9780415412445
=029  1\$aNLGGC$b307577996
=035  \\$a(OCoLC)166379347$z(OCoLC)166383905
=043  \\$aa-iq---
=082  04$a323.11915970567$222
=049  \\$aNLVA
=100  1\$aStansfield, Gareth R. V.
=245  14$aThe Kurds and Iraq /$cby Gareth Stansfield.
=260  \\$aLondon :$bRoutledge,$c2008.
=300  \\$apages cm
=336  \\$atext$btxt$2rdacontent
=337  \\$aunmediated$bn$2rdamedia
=338  \\$avolume$bnc$2rdacarrier
=650  \0$aKurds$xPolitical activity$zIraq.
=650  \0$aKurds$zIraq$xPolitics and government$y20th century.
=650  \0$aKurds$zIraq$xPolitics and government$y21st century.
=650  \0$aKurds$zIraq$xSocial conditions$y20th century.
=650  \0$aKurds$zIraq$xSocial conditions$y21st century.
=651  \0$aIraq$xEthnic relations.
=650  \7$aEthnic relations.$2fast$0(OCoLC)fst00916005
=650  \7$aKurds$xPolitical activity.$2fast$0(OCoLC)fst00989416
=650  \7$aKurds$xPolitics and government.$2fast$0(OCoLC)fst00989418
=650  \7$aKurds$xSocial conditions.$2fast$0(OCoLC)fst00989422
=651  \7$aIraq.$2fast$0(OCoLC)fst01205757
=648  \7$a1900-2099$2fast
=938  \\$aBaker & Taylor$bBKTY$c45.95$d45.95$i0415412447$n0007383334$sactive
=938  \\$aBaker & Taylor$bBKTY$c130.00$d130.00$i0415412439$n0007393271$sactive
=938  \\$aBaker and Taylor$bBTCP$nBK0007393271
=938  \\$aYBP Library Services$bYANK$n100490662
=994  \\$a93$bNLVRD
=994  \\$cDELETED$bNLVRD$dRemoved from collection customer.57439.40

