=LDR  00549dam a2200193Mi 4500
=001  ocn211515289
=003  OCoLC
=005  20200523094846.7
=008  071025s2006\\\\rm\\\\\\\\\\\\000\0\rum\d
=040  \\$aNLGGC$bdut$cNLGGC$efobidrtb
=029  1\$aNLGGC$b304870129
=035  \\$a(OCoLC)211515289
=049  \\$aNLVA
=100  1\$aMazilu, D.
=245  10$aTratat privind dreptul pacii /$cD. Mazilu.
=260  \\$aBucuresti :$bLumina Lex,$c2006.
=300  \\$a711 p. ;$c.. cm.
=994  \\$a93$bNLVRD
=994  \\$cDELETED$bNLVRD$dRemoved from collection customer.57439.40

