=LDR  01932dam a2200445Mi 4500
=001  ocn226369842
=003  OCoLC
=005  20200523093655.9
=008  080429s2007\\\\ne\\\\\\\\\\\\000\0\dut\d
=040  \\$aNLGGC$bdut$efobidrtb$cNLGGC
=020  \\$a9080325244
=020  \\$a9789080325241
=020  \\$a9080325236
=020  \\$a9789080325234
=029  0\$aNLGGC$b309559707
=035  \\$a(OCoLC)226369842
=084  \\$a86.10$2bcl
=049  \\$aNLVA
=100  1\$aBynkershoek, Cornelius van,$d1673-1743.$0(NL-LeOCL)069966753
=245  10$aIndex in Observationes tumultuarias Cornelii van Bijnkershoek et Wilhelmi Pauw /$cnaar het handschrift uitg. door A.J.B. Sirks.
=250  \\$a2e [gew.] opl.
=260  \\$a's-Gravenhage :$bStichting tot Uitgaaf der Bronnen van het Oud-Vaderlandse Recht,$c2007.
=300  \\$aXIV, 71 p. ;$c23 cm.
=336  \\$atekst$btxt$2rdacontent/dut
=337  \\$azonder medium$bn$2rdamedia/dut
=338  \\$aband$bnc$2rdacarrier/dut
=490  1\$aWerken der Stichting tot Uitgaaf der Bronnen van het Oud-Vaderlandse Recht ;$vno. 34
=504  \\$aIndex.
=600  14$aBynkershoek, Cornelius van,$d1673-1743.$0(NL-LeOCL)069966753
=600  14$aPauw, Willem,$d1712-1787.$0(NL-LeOCL)069952892
=650  17$aOudnederlands recht.$2gtt$0(NL-LeOCL)078618703
=650  17$aRechtspraak.$2gtt$0(NL-LeOCL)078645336
=650  17$aHoge Raad van Holland en Zeeland.$2gtt$0(NL-LeOCL)163002983
=651  \7$aWest-Friesland.$2gtt$0(NL-LeOCL)078958504
=700  1\$aPauw, Willem,$d1712-1787.$0(NL-LeOCL)069952892
=700  1\$aSirks, A.J.B.$q(Adriaan Johan Boudewijn),$d1947-$0(NL-LeOCL)071000895
=787  18$iEerder versch. in:$tVan Bijnkershoeks Observationes 2018-2913 (deel III),$d2005
=830  \0$aWerken der Stichting tot Uitgaaf der Bronnen van het Oud-Vaderlandse Recht ;$vno. 34.$w(NL-LeOCL)82073649X
=994  \\$a93$bNLVRD
=994  \\$cDELETED$bNLVRD$dRemoved from collection customer.57439.40

