=LDR  01307dam a2200385Ma 4500
=001  ocn228195944
=003  OCoLC
=005  20200523093617.9
=008  080416s2008\\\\enk\\\\\\\\\\\000\0\eng\\
=040  \\$aUKM$beng$cUKM$dBAKER$dYDXCP$dOCLCF$dOCLCO$dOCLCQ
=015  \\$aGBA866044$2bnb
=016  7\$a014614364$2Uk
=020  \\$a9780415462761$q(hbk.)
=020  \\$a0415462762$q(hbk.)
=029  1\$aNLGGC$b310333539
=035  \\$a(OCoLC)228195944
=043  \\$aa-cc---
=082  04$a352.530951$222
=049  \\$aNLVA
=100  1\$aWang, Ping.
=245  10$aPublic procurement in China :$ba long march towards integration into the global trading system /$cby Ping Wang.
=260  \\$aLondon :$bRoutledge,$c2008.
=300  \\$apages cm.
=336  \\$atext$btxt$2rdacontent
=337  \\$aunmediated$bn$2rdamedia
=338  \\$avolume$bnc$2rdacarrier
=490  1\$aChina policy series
=650  \0$aGovernment purchasing$zChina.
=650  \7$aGovernment purchasing.$2fast$0(OCoLC)fst00945538
=651  \7$aChina.$2fast$0(OCoLC)fst01206073
=830  \0$aChina policy series.
=938  \\$aBaker & Taylor$bBKTY$c135.00$d135.00$i0415462762$n0007598273$sactive
=938  \\$aYBP Library Services$bYANK$n100512504
=994  \\$a93$bNLVRD
=994  \\$cDELETED$bNLVRD$dRemoved from collection customer.57439.40

