=LDR  01097dam a2200349Mi 4500
=001  ocn255472796
=003  OCoLC
=005  20200523093701.6
=008  070719s2007\\\\xxk\\\\\\\\\\\000\0\eng\d
=040  \\$aGBVCP$bger$erakwb$cGBVCP$dOCLCQ
=015  \\$a013-78907
=020  \\$a0230546870$q(hbk.)
=020  \\$a9780230546875$q(hbk.)
=029  1\$aNLGGC$b309027608
=035  \\$a(OCoLC)255472796
=082  04$a333.9214
=049  \\$aNLVA
=100  1\$aStowell, Debbie.
=245  10$aClimate trading :$bdevelopment of greenhouse gas markets /$cDebbie Stowell.
=250  \\$a2nd ed.
=260  \\$aBasingstoke :$bPalgrave Macmillan,$c2007.
=300  \\$a1 v. ;$c24 cm.
=336  \\$aText$btxt$2rdacontent/ger
=337  \\$aohne Hilfsmittel zu benutzen$bn$2rdamedia/ger
=490  1\$aFinance and capital markets
=500  \\$aPrevious edition: 2003.
=653  \0$aCapital market
=653  \0$aClimatic changes$aEconomic aspects
=653  \0$aEmissions trading
=830  \0$aFinance and capital markets.
=994  \\$a93$bNLVRD
=994  \\$cDELETED$bNLVRD$dRemoved from collection customer.57439.40

