=LDR  01457dam a2200397Ma 4500
=001  ocn258105171
=003  OCoLC
=005  20200523092108.7
=008  080922s2009\\\\enk\\\\\\\\\\\000\0\eng\\
=040  \\$aUKM$beng$cUKM$dOCLCF$dOCLCO$dOCLCQ$dOCLCO$dOCLCQ
=015  \\$aGBA8B2835$2bnb
=016  7\$a014761274$2Uk
=020  \\$a9780415358200$q(hbk.)
=020  \\$a0415358205$q(hbk.)
=029  1\$aNLGGC$b319322769
=035  \\$a(OCoLC)258105171
=043  \\$aaw-----
=082  04$a333.91$222
=049  \\$aNLVA
=100  1\$aÇarkoğlu, Ali,$d1963-
=245  10$aRegional development and peace in the Middle East :$btowards an end to the water conflict? /$cby Ali Carkoglu, Mine Eder.
=260  \\$aLondon :$bRoutledge,$c2009.
=300  \\$apages cm
=336  \\$atext$btxt$2rdacontent
=337  \\$aunmediated$bn$2rdamedia
=338  \\$avolume$bnc$2rdacarrier
=650  \0$aWater-supply$xPolitical aspects$zMiddle East.
=650  \0$aWater resources development$xPolitical aspects$zMiddle East.
=650  \0$aRegional planning$zMiddle East.
=650  \7$aRegional planning.$2fast$0(OCoLC)fst01093120
=650  \7$aWater resources development$xPolitical aspects.$2fast$0(OCoLC)fst01172017
=650  \7$aWater-supply$xPolitical aspects.$2fast$0(OCoLC)fst01172410
=651  \7$aMiddle East.$2fast$0(OCoLC)fst01241586
=700  1\$aEder, Mine,$d1965-
=994  \\$a93$bNLVRD
=994  \\$cDELETED$bNLVRD$dRemoved from collection customer.57439.40

