=LDR  02159dam a2200601Ma 4500
=001  ocn300088034
=003  OCoLC
=005  20200523094402.5
=008  081202s2009\\\\nyu\\\\\\\\\\\000\0\eng\d
=010  \\$a  2008026423
=040  \\$aGEBAY$bger$eaacr$cGEBAY$dDEBSZ$dCHVBK$dOCLCO$dOCLCQ$dOCLCO$dOCLCF$dOCL$dOCLCQ$dOCLCO$dOCL$dOCLCQ$dOCLCA
=020  \\$a9780385517058
=020  \\$a038551705X
=029  1\$aCHNEW$b000526427
=029  1\$aCHVBK$b036222143
=029  1\$aDEBSZ$b303724218
=029  1\$aGBVCP$b571137857
=029  1\$aNLGGC$b317243055
=035  \\$a(OCoLC)300088034
=050  \4$aJZ1305
=082  0\$a303.49
=049  \\$aNLVA
=100  1\$aFriedman, George.
=245  14$aThe next 100 years :$ba forecast for the 21st century /$cGeorge Friedman.
=246  3\$aNext hundred years
=250  \\$a1. ed.
=260  \\$aNew York :$bDoubleday,$c2009.
=300  \\$aSeiten
=336  \\$aText$btxt$2rdacontent/ger
=337  \\$aohne Hilfsmittel zu benutzen$bn$2rdamedia/ger
=338  \\$aBand$bnc$2rdacarrier/ger
=650  \0$aInternational relations$xHistory$y21st century.
=650  \0$aTwenty-first century$vForecasts.
=650  \0$aWorld politics$xForecasting$y21st century.
=650  \0$aInternational relations$xForecasting.
=650  04$aInternational relations$y21st century.
=650  04$aTwenty-first century v Forecasts.
=650  04$aWorld politics$y21st century$xForecasting.
=650  04$aInternational relations$xForecasting.
=650  \7$aInternational relations.$2fast$0(OCoLC)fst00977053
=650  \7$aInternational relations$xForecasting.$2fast$0(OCoLC)fst00977067
=650  \7$aTwenty-first century.$2fast$0(OCoLC)fst01159816
=650  \7$aWorld politics$xForecasting.$2fast$0(OCoLC)fst01181389
=650  \7$aWeltpolitik$2gnd
=650  \7$aWeltordnung$2gnd
=650  \7$aPolitischer Wandel$2gnd
=650  \7$aSozioökonomischer Wandel$2gnd
=651  \7$aUSA$2gnd
=648  \7$a2000-2099$2fast
=655  \7$aHistory.$2fast$0(OCoLC)fst01411628
=655  \7$aForecasts.$2fast$0(OCoLC)fst01424052
=994  \\$a93$bNLVRD
=994  \\$cDELETED$bNLVRD$dRemoved from collection customer.57439.40

