=LDR  01529dam a2200445Ma 4500
=001  ocn311756439
=003  OCoLC
=005  20200523093532.9
=008  090602s2009\\\\enk\\\\\\\\\\\000\0\eng\\
=040  \\$aUKM$beng$cUKM$dBTCTA$dYDXCP$dOCLCF$dOCLCO$dOCL$dOCLCQ
=015  \\$aGBA961708$2bnb
=016  7\$a015296634$2Uk
=020  \\$a9780415494489$q(hbk.)
=020  \\$a0415494486$q(hbk.)
=029  1\$aNLGGC$b320446999
=035  \\$a(OCoLC)311756439
=043  \\$aae-----
=082  04$a327.17095$222
=049  \\$aNLVA
=100  1\$aWeeks, Donna.
=245  14$aThe East Asian security community /$cby Donna Weeks.
=260  \\$aLondon :$bRoutledge,$c2009.
=300  \\$apages.
=336  \\$atext$btxt$2rdacontent
=337  \\$aunmediated$bn$2rdamedia
=338  \\$avolume$bnc$2rdacarrier
=490  0\$aRoutledge security in Asia Pacific series
=650  \0$aSecurity, International$zEast Asia.
=650  \0$aNational security$zEast Asia.
=650  \0$aAsian cooperation.
=651  \0$aEast Asia$xForeign relations.
=650  \7$aAsian cooperation.$2fast$0(OCoLC)fst00818681
=650  \7$aDiplomatic relations.$2fast$0(OCoLC)fst01907412
=650  \7$aNational security.$2fast$0(OCoLC)fst01033711
=650  \7$aSecurity, International.$2fast$0(OCoLC)fst01110895
=651  \7$aEast Asia.$2fast$0(OCoLC)fst01243628
=938  \\$aBaker and Taylor$bBTCP$nBK0008210925
=938  \\$aYBP Library Services$bYANK$n100518920
=994  \\$a93$bNLVRD
=994  \\$cDELETED$bNLVRD$dRemoved from collection customer.57439.40

