=LDR  02827dam a2200697 a 4500
=001  ocn316327653
=003  OCoLC
=005  20200523094626.7
=008  090319s2008\\\\gw\\\\\\\bm\\\000\0\ger\c
=040  \\$aCGU$beng$cCGU$dHEBIS$dDEBBG$dOCL$dNLGGC$dOCLCQ$dOCLCO$dOCLCF$dOCLCO$dOCLCA$dOCLCQ$dOCLCO$dOCL
=015  \\$a07,N47,0571$2dnb
=015  \\$a08,H12,0533$2dnb
=016  7\$a986203890$2DE-101
=020  \\$a9783830033639
=020  \\$a383003363X
=024  3\$a9783830033639
=029  1\$aDEBBG$bBV023199737
=029  1\$aHEBIS$b194301303
=029  1\$aNLGGC$b312982437
=035  \\$a(OCoLC)316327653
=042  \\$apcc
=050  \4$aKZ6376$b.D854 2008
=082  04$a345.01$222
=084  \\$a86.45$2bcl
=084  \\$a89.72$2bcl
=084  \\$aPR 2569$2rvk
=084  \\$a340$2sdnb
=049  \\$aNLVA
=100  1\$aDüker, Arnd.
=245  14$aDie Strafverfolgung von Angehörigen einer Friedenstruppe der Vereinten Nationen /$cArnd Düker.
=260  \\$aHamburg, Germany :$bKovač,$c2008.
=300  \\$axxii, 296 pages ;$c21 cm
=336  \\$atext$btxt$2rdacontent
=337  \\$aunmediated$bn$2rdamedia
=338  \\$avolume$bnc$2rdacarrier
=490  1\$aSchriftenreihe Studien zum Völker- und Europarecht ;$vBd. 42
=502  \\$bdoctoral$cUniversität Frankfurt (Main)$d2007
=504  \\$aIncludes bibliographical references.
=610  20$aUnited Nations$xPeacekeeping forces.
=610  27$aUnited Nations.$2fast$0(OCoLC)fst00530351
=610  27$aInternationaler Strafgerichtshof$2gnd
=610  27$aVereinte Nationen$bPeace Keeping Forces$2gnd
=610  27$aVereinte Nationen / Friedenstruppen.$2swd
=650  \0$aPeacekeeping forces$xLegal status, laws, etc.
=650  \7$aPeacekeeping forces.$2fast$0(OCoLC)fst01055909
=650  17$aVerenigde Naties.$2gtt
=650  17$aVredesoperaties.$2gtt
=650  17$aGeweld.$2gtt
=650  17$aMilitair straf- en tuchtrecht.$2gtt
=650  \7$aInternationale Strafgerichtsbarkeit$2gnd
=650  \7$aStrafverfolgung$2gnd
=650  \7$aInnerstaatliches Recht$2gnd
=650  \7$aStrafgerichtsbarkeit$2gnd
=655  \7$aAcademic theses.$2fast$0(OCoLC)fst01726453
=655  \7$aAcademic theses.$2lcgft
=830  \0$aStudien zum Völker- und Europarecht ;$vBd. 42.
=856  41$3Table of contents$uhttp://bvbr.bib-bvb.de:8991/F?func=service&doc_library=BVB01&doc_number=016385980&line_number=0001&func_code=DB_RECORDS&service_type=MEDIA
=856  41$3Table of contents$uhttp://bvbr.bib-bvb.de:8991/F?func=service&doc_library=BVB01&local_base=BVB01&doc_number=016385980&line_number=0001&func_code=DB_RECORDS&service_type=MEDIA
=856  42$3Ausführliche Beschreibung$qtext/html$uhttp://www.verlagdrkovac.de/978-3-8300-3363-9.htm
=994  \\$a93$bNLVRD
=994  \\$cDELETED$bNLVRD$dRemoved from collection customer.57439.40

