=LDR  01055dam a2200325Mi 4500
=001  ocn319553635
=003  OCoLC
=005  20200523092134.4
=008  090428s2009\\\\xxu\\\\\\\\\\\000\0\eng\d
=040  \\$aNLGGC$bdut$efobidrtb$cNLGGC$dGBVCP$dOCLCQ
=029  0\$aNLGGC$b318083957
=029  1\$aGBVCP$b599461195
=035  \\$a(OCoLC)319553635
=041  1\$aeng$hchi
=084  \\$a86.00$2bcl
=084  \\$a2$2ssgn
=084  \\$a86.10$2bcl
=049  \\$aNLVA
=245  00$aUnderstanding the logic behind rule of law in China /$cguest ed.: Guo Xinghua.
=260  \\$aArmonk, NY :$bSharpe,$ccop.2009.
=300  \\$a112 p. :$bill. ;$c23 cm.
=490  1\$aChinese sociology and anthropology,$x0009-4625 ;$vvol. 41, no. 2
=500  \\$aOmslagtitel.
=500  \\$aDe artikelen vert. uit het Chinees.
=650  17$aRechtsstelsels$2gtt
=651  \7$aChina.$2gtt
=700  0\$aGuo,$cXinghua.
=830  \0$aChinese sociology and anthropology ;$vvol. 41, no. 2.$x0009-4625
=994  \\$a93$bNLVRD
=994  \\$cDELETED$bNLVRD$dRemoved from collection customer.57439.40

