=LDR  02265dam a2200565Mi 4500
=001  ocn435980422
=003  OCoLC
=005  20200523093233.9
=008  090508s2009\\\\ne\a\\\\\\\\\\000\0\dut\d
=040  \\$aNLGGC$bdut$efobidrtb$cNLGGC$dCHVBK$dLUN$dOCLCO$dOCLCF$dOCL$dOCLCQ$dL2U$dOCLCO
=015  \\$a22257676$2bccb
=020  \\$a9789061006343
=020  \\$a9061006341
=029  0\$aNLGGC$b318231891
=029  1\$aCHDSB$b005198068
=029  1\$aCHVBK$b092245757
=035  \\$a(OCoLC)435980422
=084  \\$a20.70$2bcl
=084  \\$a06.21$2bcl
=049  \\$aNLVA
=100  1\$aKoning, Paula.
=245  10$aErasmus op de markt /$cPaula Koning.
=250  \\$a1e dr.
=260  \\$aRotterdam :$bDonker,$c2009.
=300  \\$a120 p. :$billustrations ;$c24 cm
=336  \\$atekst$btxt$2rdacontent/dut
=337  \\$azonder medium$bn$2rdamedia/dut
=504  \\$aMet reg.
=520  3\$aBespreking van een aantal titelprenten uit de zeventiende en achttiende eeuw, waarop Erasmus (ca. 1469-1536) staat afgebeeld temidden van personages uit zijn boeken of symbolen die op zijn werk en gedachtegoed zinspelen.
=600  10$aErasmus, Desiderius,$d-1536$y17th century$vPortraits.
=600  10$aErasmus, Desiderius,$d-1536$y18th century$vPortraits.
=600  10$aErasmus, Desiderius,$d-1536$xCriticism and interpretation.
=600  14$aErasmus, Desiderius,$d1466/69-1536.
=600  17$aErasmus, Desiderius,$d-1536.$2fast$0(OCoLC)fst01817492
=600  07$aErasmus$xPorträt.$2idsbb
=600  17$aErasmus, Desiderius,$d1466/69-1536.$0(NL-LeOCL)068551959$2nta
=650  \0$aIllustration of books$y17th century.
=650  \0$aIllustration of books$y18th century.
=650  \7$a20.70 European art.$0(NL-LeOCL)077594983$2bcl
=650  \7$a06.21 history of the printed book.$0(NL-LeOCL)077592999$2bcl
=650  \7$aIllustration of books.$2fast$0(OCoLC)fst00967406
=650  17$aPrenten.$2gtt
=650  17$aIllustraties.$2gtt
=651  \7$aBourgondische Nederlanden.$2gtt
=651  \7$aDuitsland.$2gtt
=648  \7$a1600-1799$2fast
=655  \7$aCriticism, interpretation, etc.$2fast$0(OCoLC)fst01411635
=655  \7$aPortraits.$2fast$0(OCoLC)fst01423831
=994  \\$a93$bNLVRD
=994  \\$cDELETED$bNLVRD$dRemoved from collection customer.57439.40

