=LDR  01152dam a2200349Ma 4500
=001  ocn457160510
=003  OCoLC
=005  20200523094530.4
=008  091030s2010\\\\enk\\\\\\\\\\\000\0\eng\\
=040  \\$aUKM$beng$cUKM$dBTCTA$dYDXCP$dOCLCF$dOCLCO$dOCLCQ
=015  \\$aGBA9A8238$2bnb
=016  7\$a015414656$2Uk
=020  \\$a9780199212682$q(hbk.)
=020  \\$a0199212686$q(hbk.)
=029  1\$aNLGGC$b318013509
=035  \\$a(OCoLC)457160510
=082  04$a341.55$222
=049  \\$aNLVA
=100  1\$aBartels, Lorand.
=245  10$aApplicable law before international courts and tribunals /$cLorand Bartels.
=260  \\$aOxford :$bOxford University Press,$c2010.
=300  \\$apages.
=336  \\$atext$btxt$2rdacontent
=337  \\$aunmediated$bn$2rdamedia
=338  \\$avolume$bnc$2rdacarrier
=490  0\$aInternational courts and tribunals series
=650  \0$aInternational courts.
=650  \7$aInternational courts.$2fast$0(OCoLC)fst00976874
=938  \\$aBaker and Taylor$bBTCP$nBK0008600427
=938  \\$aYBP Library Services$bYANK$n3205837
=994  \\$a93$bNLVRD
=994  \\$cDELETED$bNLVRD$dRemoved from collection customer.57439.40

