=LDR  03708dam a2200685 a 4500
=001  ocn488979720
=003  OCoLC
=005  20200523091831.2
=008  090603s2010\\\\enk\\\\\\b\\\\001\0\eng\\
=010  \\$a  2009929964
=040  \\$aDLC$beng$cDLC$dEQO$dNLE$dCDX$dNLGGC$dYDXCP$dOIP$dUAT$dMEAUC$dBWX$dDEBBG$dOCL$dWAU$dEXW$dIXA$dALAUL$dUKMGB$dBDX$dTULIB$dOCLCF$dOCLCQ$dUV1$dMTH$dOCLCO$dUKUOY$dGZM$dOCLCO$dCEF$dOCLCQ$dSXQ$dOCLCO$dAZDAC$dOCLCO$dOCLCA
=015  \\$aGBA888934$2bnb
=016  7\$a014669278$2Uk
=020  \\$a1412919746
=020  \\$a9781412919746
=020  \\$a1412919754$q(pbk.)
=020  \\$a9781412919753$q(pbk.)
=029  1\$aAU@$b000045273305
=029  1\$aCDX$b8436144
=029  1\$aDEBBG$bBV035725866
=029  1\$aNLGGC$b316158925
=029  1\$aNZ1$b12480993
=029  1\$aUKMGB$b014669278
=035  \\$a(OCoLC)488979720
=050  00$aGE170$b.M58 2010
=082  00$a363.7/0526$222
=084  \\$a43.30$2bcl
=084  \\$aMK 8900$2rvk
=084  \\$aMF 9150$2rvk
=049  \\$aNLVA
=100  1\$aMitchell, Ronald B.$q(Ronald Bruce)
=245  10$aInternational politics and the environment /$cRonald B. Mitchell.
=260  \\$aLondon ;$aThousand Oaks, CA :$bSAGE,$c2010.
=300  \\$axiii, 234 pages ;$c24 cm.
=336  \\$atext$btxt$2rdacontent
=337  \\$aunmediated$bn$2rdamedia
=338  \\$avolume$bnc$2rdacarrier
=490  1\$aSAGE series on the foundations of international relations
=504  \\$aIncludes bibliographical references (pages 207-229) and index.
=505  0\$aExplaining international environmental politics -- Defining and distinguishing international environmental problems -- Sources of international environmental problems -- The international emergence of environmental problems -- Negotiating solutions to international environmental problems -- Evaluating the effectiveness of international environmental institutions -- The future of international environmental politics.
=520  \\$aThis book provides a sophisticated overview of the theories, concepts and methods central to the complex and contentious field of International Environmental Politics (IEP). Ronald Mitchell carefully introduces students to the political processes involved in both causing and resolving international environmental problems.
=650  \0$aEnvironmental policy$xInternational cooperation.
=650  \7$aEnvironmental policy$xInternational cooperation.$2fast$0(OCoLC)fst00913284
=650  \7$aInternationale Politik$2gnd
=650  \7$aUmweltpolitik$2gnd
=650  17$aMilieubeleid.$2gtt
=650  17$aInternationale samenwerking.$2gtt
=830  \0$aSage series on the foundations of international relations.
=856  41$3Table of contents$uhttp://catdir.loc.gov/catdir/enhancements/fy1006/2009929964-t.html
=856  41$3Table of contents$uhttp://bvbr.bib-bvb.de:8991/F?func=service&doc_library=BVB01&doc_number=018002560&line_number=0001&func_code=DB_RECORDS&service_type=MEDIA
=856  41$3Table of contents$uhttp://bvbr.bib-bvb.de:8991/F?func=service&doc_library=BVB01&local_base=BVB01&doc_number=018002560&line_number=0001&func_code=DB_RECORDS&service_type=MEDIA
=856  42$3Publisher description$uhttp://catdir.loc.gov/catdir/enhancements/fy1006/2009929964-d.html
=938  \\$aBrodart$bBROD$n11159685$c{dollar}112.00
=938  \\$aCoutts Information Services$bCOUT$n8436144
=938  \\$aYBP Library Services$bYANK$n100503353
=938  \\$aBlackwell Book Service$bBBUS$nR8827568$c{dollar}42.95
=938  \\$aBaker and Taylor$bBTCP$nBK0007801815
=938  \\$aBaker & Taylor$bBKTY$c99.95$d99.95$i1412919746$n0007801814$sactive
=994  \\$a93$bNLVRD
=994  \\$cDELETED$bNLVRD$dRemoved from collection customer.57439.40

