=LDR  01563dam a2200433Mi 4500
=001  ocn611318795
=003  OCoLC
=005  20200523092159.9
=008  071030s2008\\\\enk\\\\\\\\\\\000\0\eng\d
=040  \\$aCHVBK$bger$cCHVBK$dOCLCO$dOCLCQ$dOCLCF$dOCLCQ
=016  7\$aB2968-001251$2SzZuIDS
=020  \\$a9780415424233$q(hbk.)
=020  \\$a0415424232$q(hbk.)
=020  \\$a9781845681111$q(pbk.)
=020  \\$a1845681118$q(pbk.)
=029  1\$aNLGGC$b309470692
=035  \\$a(OCoLC)611318795
=043  \\$an-us---$ae-uk---
=082  04$a345.0773
=049  \\$aNLVA
=245  00$aCapital punishment /$cAdam Thurschwell.
=260  \\$aLondon :$bRoutledge-Cavendish,$c2008.
=300  \\$a1 v. ;$c22 cm.
=336  \\$aText$btxt$2rdacontent/ger
=337  \\$aohne Hilfsmittel zu benutzen$bn$2rdamedia/ger
=490  0\$aCritical approaches to law
=650  \0$aCapital punishment$xPhilosophy.
=650  \0$aCapital punishment$zUnited States.
=650  \0$aCapital punishment$zGreat Britain.
=650  \0$aCriminal justice, Administration of$zUnited States.
=650  \0$aCriminal justice, Administration of$zGreat Britain.
=650  \0$aComparative law.
=650  \7$aCapital punishment.$2fast$0(OCoLC)fst00846392
=650  \7$aComparative law.$2fast$0(OCoLC)fst00871350
=650  \7$aCriminal justice, Administration of.$2fast$0(OCoLC)fst00883246
=651  \7$aGreat Britain.$2fast$0(OCoLC)fst01204623
=651  \7$aUnited States.$2fast$0(OCoLC)fst01204155
=994  \\$a93$bNLVRD
=994  \\$cDELETED$bNLVRD$dRemoved from collection customer.57439.40

