=LDR  01435dam a2200361Mi 4500
=001  ocn773014246
=003  OCoLC
=005  20200523091804.8
=008  010710s2002\\\\gw\a\\\\\\\\\\000\0\ger\d
=040  \\$aNLGGC$bdut$efobidrtb$cNLGGC$dOCLCQ
=020  \\$a3412068012$q(geb.)
=020  \\$a9783412068011$q(geb.)
=029  0\$aNLGGC$b222350474
=035  \\$a(OCoLC)773014246
=084  \\$a15.70$2bcl
=049  \\$aNLVA
=245  00$aSowjetische Militärtribunale /$chrsg. von Andreas Hilger, Ute Schmidt und Günther Wagenlehner.$nBd. 2,$pDie Verturteilung deutscher Zivilisten 1945-1955/57.
=260  \\$aKöln :$bBöhlau,$c2002.
=300  \\$a900 p. :$bill. ;$c25 cm
=336  \\$atekst$btxt$2rdacontent/dut
=337  \\$azonder medium$bn$2rdamedia/dut
=338  \\$aband$bnc$2rdacarrier/dut
=504  \\$aLit. opg.: p. 813-865.-Met reg.
=650  17$aMilitaire rechtspraak.$2gtt$0(NL-LeOCL)078591821
=650  17$aBurgers.$2gtt$0(NL-LeOCL)078462053
=651  \7$aDDR.$2gtt$0(NL-LeOCL)078613663
=651  \7$aSovjet-Unie.$2gtt$0(NL-LeOCL)078670128
=700  1\$aHilger, Andreas,$d1967-$0(NL-LeOCL)216864526
=700  1\$aSchmidt, Ute.
=773  08$7nnam$i(MP)$tSowjetische Militärtribunale$w(NL-LeOCL)222350547
=830  \0$aSchriften des Hannah-Arendt-Instituts für Totalitarismusforschung ;$vBd. 17/2.$w(NL-LeOCL)144320665
=994  \\$a93$bNLVRD
=994  \\$cDELETED$bNLVRD$dRemoved from collection customer.57439.40

