=LDR  00965dam a2200289Mi 4500
=001  ocn773283364
=003  OCoLC
=005  20200523094750.1
=008  080510e20080820enk\\\\\\\\\\\000\0\eng\d
=040  \\$aNLGGC$bdut$efobidrtb$cNLGGC$dOCLCF$dOCLCO$dOCLCQ$dOCLCO
=015  \\$aGBA863533$2bnb
=020  \\$a0415460956$q(hbk.)
=020  \\$a9780415460958
=029  0\$aNLGGC$b310218799
=035  \\$a(OCoLC)773283364
=082  04$a303.484$222
=049  \\$aNLVA
=100  1\$aPaterson, William B.
=245  14$aThe World Trade Organisation and protest movements :$baltering world order? /$cby William B. Paterson.
=260  \\$aLondon :$bRoutledge,$c0820.
=300  \\$a1 v. ;$c24 cm.
=490  0\$aRethinking globalizations
=610  24$aWorld Trade Organization.
=650  \0$aAnti-globalization movement.
=650  \7$aAnti-globalization movement.$2fast$0(OCoLC)fst00810338
=994  \\$a93$bNLVRD
=994  \\$cDELETED$bNLVRD$dRemoved from collection customer.57439.40

