=LDR  01501dam a2200349Mi 4500
=001  ocn773402807
=003  OCoLC
=005  20200523094517.2
=008  030217s2003\\\\sz\\\\\\\d\\\\000\0\fre\d
=040  \\$aNLGGC$bdut$efobidrtb$cNLGGC
=020  \\$a3859420259
=020  \\$a9783859420250
=029  0\$aNLGGC$b243072082
=035  \\$a(OCoLC)773402807
=041  0\$afre$aeng$ager
=049  \\$aNLVA
=100  1\$aHerbst, Robert,$d1904-1988.$0(NL-LeOCL)070294976
=245  10$aDictionary of commercial, financial, and legal terms ... =$bWörterbuch der Handels-, Finanz und Rechtssprache ... = Dictionnaire des termes commerciaux, financiers et juridiques ... /$cby Robert Herbst$nVol. 3,$pFrançais-anglais-allemand.
=246  3\$aDictionnaire des termes commerciaux, financiers et juridiques
=246  3\$aWörterbuch der Handels-, Finanz und Rechtssprache
=250  \\$a3e éd., rév. et augm. /$bpar Robert Herbst ; rem. par Alan G. Readett.
=260  \\$aThoune :$bTranslegal,$c2003.
=300  \\$a909 p. ;$c25 cm.
=336  \\$atekst$btxt$2rdacontent/dut
=337  \\$azonder medium$bn$2rdamedia/dut
=338  \\$aband$bnc$2rdacarrier/dut
=500  \\$aTekst in het Duits, in het Engels en in het Frans.
=700  1\$aReadett, Alan G.,$d1920-$0(NL-LeOCL)070341702
=700  1\$aAmmann, Roman.
=773  08$7nnam$i(MP)$tDictionary of commercial, financial, and legal terms$w(NL-LeOCL)821061518
=994  \\$a93$bNLVRD
=994  \\$cDELETED$bNLVRD$dRemoved from collection customer.57439.40

