=LDR  00751dam a2200241Mi 4500
=001  ocn778185239
=003  OCoLC
=005  20200523093801.4
=008  080701s2008\\\\io\\\\\\\\\\\\000\0\eng\d
=040  \\$aNLGGC$efobidrtb$bdut$cNLGGC
=020  \\$a9789792556926
=020  \\$a9792556923
=029  0\$aNLGGC$b311687415
=035  \\$a(OCoLC)778185239
=041  0\$aeng$aind
=049  \\$aNLVA
=100  1\$aKaligis, O.C.$q(Otto Cornelis),$d1942-
=245  10$aHuman rights & terrorism /$cby O.C. Kaligis.
=260  \\$aJakarta :$bO.C. Kaligis & Associates,$c2008.
=300  \\$aVIII, 522 p. :$bill.,krt., tab. ;$c21 cm.
=500  \\$aTekst in het Engels en Indonesisch.
=994  \\$a93$bNLVRD
=994  \\$cDELETED$bNLVRD$dRemoved from collection customer.57439.40

