=LDR  00833dam a2200241Mi 4500
=001  ocn778376457
=003  OCoLC
=005  20200523093838.7
=008  090504s2009\\\\io\\\\\\\\\\\\000\0\ind\d
=040  \\$aNLGGC$efobidrtb$bdut$cNLGGC
=020  \\$a9789795780618
=020  \\$a9795780611
=029  0\$aNLGGC$b318114844
=035  \\$a(OCoLC)778376457
=049  \\$aNLVA
=100  1\$aIqbal, Muhammad,$d1968-
=245  10$aHukum Islam Indonesia modern :$bdinamika pemikiran dari fiqh klasik ke fiqh Indonesia /$cMuhammad Iqbal.
=260  \\$aTangerang :$bGaya Media Pratama,$c2009.
=300  \\$aXII, 224 p. ;$c24 cm.
=500  \\$aOorspr. uitg. als proefschrift. - Jakarta : UIN Syarif Hidayatullah, 2005.
=504  \\$aLit. opg.: p. 209-217. - Index.
=994  \\$a93$bNLVRD
=994  \\$cDELETED$bNLVRD$dRemoved from collection customer.57439.40

