=LDR  02833dam a2200697Mi 4500
=001  ocn783212210
=003  OCoLC
=005  20200523091451.8
=008  040411s2004\\\\gw\\\\\\\\\\\\000\0\ger\d
=040  \\$aNLGGC$bdut$efobidrtb$cNLGGC$dOCLCO$dOCLCF$dBEATB$dOCLCO$dOCLCQ$dOCLCO$dOCL$dOCLCQ$dOCLCO$dOCLCA$dL2U$dOCL
=020  \\$a3518123831
=020  \\$a9783518123836
=029  0\$aNLGGC$b263234401
=035  \\$a(OCoLC)783212210
=043  \\$ae------$an-us---
=050  \4$aD1065.U5$bH23 2004
=084  \\$a08.45$2bcl
=049  \\$aNLVA
=100  1\$aHabermas, Jürgen,$cfilosoof, socioloog Frankfurter Schule,$d1929-
=245  14$aDer gespaltene Westen /$cJürgen Habermas.
=260  \\$aFrankfurt am Main :$bSuhrkamp,$c2004.
=300  \\$a192 p. ;$c18 cm.
=336  \\$atekst$btxt$2rdacontent/dut
=337  \\$azonder medium$bn$2rdamedia/dut
=338  \\$aband$bnc$2rdacarrier/dut
=490  0\$aKleine politische Schriften ;$v10
=490  1\$aEdition Suhrkamp,$x0422-5821 ;$v2383
=650  \0$aSeptember 11 Terrorist Attacks, 2001.
=650  \0$aWar on Terrorism, 2001-2009$xForeign public opinion.
=650  \0$aEuropean federation.
=650  \0$aInternational law.
=650  \0$aReligious fundamentalism.
=651  \0$aEurope$xRelations$zUnited States.
=651  \0$aUnited States$xRelations$zEurope.
=650  \4$aPolitical philosophy. Social philosophy.
=650  \4$aPhilosophy and psychology of culture.
=650  \7$a08.45 political philosophy.$0(NL-LeOCL)077593537$2bcl
=650  \7$aEuropean federation.$2fast$0(OCoLC)fst00916717
=650  \7$aInternational law.$2fast$0(OCoLC)fst00976984
=650  \7$aInternational relations.$2fast$0(OCoLC)fst00977053
=650  \7$aPublic opinion.$2fast$0(OCoLC)fst01082785
=650  \7$aReligious fundamentalism.$2fast$0(OCoLC)fst01094078
=651  \7$aEurope.$2fast$0(OCoLC)fst01245064
=651  \7$aUnited States.$2fast$0(OCoLC)fst01204155
=650  \7$aTerrorismus$2gnd
=650  \7$aVölkerrecht$2gnd
=650  \7$aPolitische Philosophie$2gnd
=650  \7$aGroßmacht$2gnd
=650  17$aInternationaal recht.$2gtt$0(NL-LeOCL)078547555
=650  17$aPostcommunisme.$2gtt$0(NL-LeOCL)227866096
=650  17$aInternationale politiek.$2gtt$0(NL-LeOCL)078548071
=650  17$aKoude Oorlog.$2gtt$0(NL-LeOCL)078565197
=651  \7$aWesterse wereld.$2gtt$0(NL-LeOCL)078958733
=651  \7$aUSA.$2swd
=647  \7$aWar on Terrorism$d(2001-2009)$2fast$0(OCoLC)fst01754980
=647  \7$aSeptember 11 Terrorist Attacks$d(2001)$2fast$0(OCoLC)fst01112794
=648  \7$a2001-2009$2fast
=773  08$i(MP)$tKleine politische Schriften$g10$w(NL-LeOCL)092387586$7nnam
=830  \0$aEdition Suhrkamp ;$v2383.$x0422-5821$w(NL-LeOCL)820511358
=994  \\$a93$bNLVRD
=994  \\$cDELETED$bNLVRD$dRemoved from collection customer.57439.40

