=LDR  01801dam a2200445Mi 4500
=001  ocn783413659
=003  OCoLC
=005  20200523091455.8
=008  070910s2007\\\\fr\\\\\\\\\\\\000\0\eng\d
=040  \\$aNLGGC$bdut$efobidrtb$cNLGGC$dOCLCO$dOCLCF$dBEATB$dOCLCQ$dL2U
=020  \\$a9789287162618
=020  \\$a9287162611
=029  0\$aNLGGC$b304294705
=035  \\$a(OCoLC)783413659
=043  \\$ae------
=050  \4$aKJC3385$b.H37 2007
=084  \\$a86.64$2bcl
=049  \\$aNLVA
=100  1\$aGómez Heredero, Ana.
=245  10$aSocial security as a human right :$bthe protection afforded by the European Convention on Human Rights /$cAna Gómez Heredero.
=260  \\$aStrasbourg :$bCouncil of Europe Publishing,$c©2007.
=300  \\$a67 p. ;$c21 cm.
=336  \\$atekst$btxt$2rdacontent/dut
=337  \\$azonder medium$bn$2rdamedia/dut
=338  \\$aband$bnc$2rdacarrier/dut
=490  1\$aHuman rights files ;$vno. 23
=650  \0$aSocial security$xLaw and legislation$zEurope.
=650  \0$aHuman rights$zEurope.
=650  \4$aHuman rights.
=650  \4$aSocial security law.
=650  \7$a86.64 social law.$0(NL-LeOCL)077608275$2bcl
=650  \7$aHuman rights.$2fast$0(OCoLC)fst00963285
=650  \7$aSocial security$xLaw and legislation.$2fast$0(OCoLC)fst01123121
=651  \7$aEurope.$2fast$0(OCoLC)fst01245064
=650  17$aSociale zekerheid.$2gtt$0(NL-LeOCL)089762894
=650  17$aMensenrechten.$2gtt$0(NL-LeOCL)078588103
=775  08$iFranse uitg. o.d.t.:$tSécurité sociale comme droit de l'homme : la protection offerte par la Convention européenne des Droits de l'Homme. - ISBN 978-92-871-6260-9
=830  \0$aHuman rights files ;$vno. 23.$w(NL-LeOCL)852024037
=994  \\$a93$bNLVRD
=994  \\$cDELETED$bNLVRD$dRemoved from collection customer.57439.40

