=LDR  01753dam a2200469Mi 4500
=001  ocn858275127
=003  OCoLC
=005  20200523093219.4
=008  090621s2009\\\\enkabc\\\b\\\\001\0beng\d
=040  \\$aNLGGC$bdut$efobidrtb$cNLGGC$dOCLCO$dOCLCF$dOCL$dOCLCO$dOCLCQ$dOCLCO$dOCL$dOCLCQ$dOCLCA$dOCL
=015  \\$aGBA923533$2bnb
=020  \\$a1906598266$q(hbk.)
=020  \\$a9781906598266
=029  0\$aNLGGC$b319880931
=035  \\$a(OCoLC)858275127
=043  \\$ae-fi---
=082  04$a948.9703092$222
=049  \\$aNLVA
=100  1\$aClements, Jonathan,$d1971-
=245  10$aMannerheim :$bpresident, soldier, spy /$cJonathan Clements.
=260  \\$aLondon :$bHaus,$c2009.
=300  \\$axv, 336 p. :$billustrations, maps, portraits ;$c23 cm
=336  \\$atekst$btxt$2rdacontent/dut
=337  \\$azonder medium$bn$2rdamedia/dut
=338  \\$aband$bnc$2rdacarrier/dut
=504  \\$aIncludes bibliographical references and index.
=600  14$aMannerheim, Carl Gustaf Emil,$d1867-1951.
=611  27$aRusso-Finnish War (1939-1940)$2fast$0(OCoLC)fst01102467
=650  \0$aSoldiers$zFinland$vBiography.
=650  \0$aPresidents$zFinland$vBiography.
=650  \0$aRusso-Japanese War, 1904-1905.
=650  \0$aRusso-Finnish War, 1939-1940.
=651  \0$aFinland$xHistory$y20th century.
=650  \7$aPresidents.$2fast$0(OCoLC)fst01075723
=650  \7$aSoldiers.$2fast$0(OCoLC)fst01125233
=651  \7$aFinland.$2fast$0(OCoLC)fst01205503
=647  \7$aRusso-Japanese War$d(1904-1905)$2fast$0(OCoLC)fst01102485
=648  \7$a1900-1999$2fast
=655  \7$aHistory$2fast$0(OCoLC)fst01411628
=655  \7$aBiographies.$2fast$0(OCoLC)fst01919896
=994  \\$a93$bNLVRD
=994  \\$cDELETED$bNLVRD$dRemoved from collection customer.57439.40

