=LDR  02238dam a2200481 i 4500
=001  ocn889666610
=003  OCoLC
=005  20200523093337.2
=008  140828s2014\\\\bl\\\\\\\b\\\\000\0\por\\
=010  \\$a  2014344230
=040  \\$aDLC$beng$erda$cDLC$dOCLCO$dOCLCF$dOCLCA
=020  \\$a9788536247380
=020  \\$a853624738X
=029  1\$aNLGGC$b402129563
=035  \\$a(OCoLC)889666610
=042  \\$alcode$apcc
=043  \\$as-bl---$an-us---
=050  00$aF2536$b.L97 2014
=049  \\$aNLVA
=100  1\$aLyra Júnior, Américo Alves de,$eauthor.
=245  12$aO Brasil na América :$ba história das relações internacionais brasileira durante o período de transição entre o Império e a República /$cAmérico Alves de Lyra Junior.
=264  \1$aCuritiba :$bJuruá Editora,$c2014.
=300  \\$a215 pages ;$c21 cm.
=336  \\$atext$btxt$2rdacontent
=337  \\$aunmediated$bn$2rdamedia
=338  \\$avolume$bnc$2rdacarrier
=490  0\$aBiblioteca Juruá. Diplomacia e política exterior
=504  \\$aIncludes bibliographical references (pages 195-203).
=505  0\$aItinerário de dois diplomatas : Manuel de Oliveira Lima e Salvador de Mendonça -- A reorientação da política externa do Brasil : reflexões sobre a americanização -- América Ibérica e inglesa : percepções de Oliveira Lima -- Brasil e Estados Unidos : percepc̜ões de Salvador de Mendonça.
=600  10$aMendonça, Salvador de,$d1841-1913$xPolitical and social view.
=600  10$aLima, Oliveira,$d1867-1928$xPolitical and social view.
=600  17$aLima, Oliveira,$d1867-1928.$2fast$0(OCoLC)fst00009748
=600  17$aMendonça, Salvador de,$d1841-1913.$2fast$0(OCoLC)fst00317322
=651  \0$aBrazil$xForeign relations$y1822-1889.
=651  \0$aBrazil$xForeign relations$y1889-1930.
=651  \0$aBrazil$xForeign relations$zUnited States.
=651  \0$aUnited States$xForeign relations$zBrazil.
=650  \7$aDiplomatic relations.$2fast$0(OCoLC)fst01907412
=651  \7$aBrazil.$2fast$0(OCoLC)fst01206830
=651  \7$aUnited States.$2fast$0(OCoLC)fst01204155
=648  \7$a1822-1930$2fast
=994  \\$a93$bNLVRD
=994  \\$cDELETED$bNLVRD$dRemoved from collection customer.57439.40

