=LDR  00773dam a2200253Mi 4500
=001  ocn892941586
=003  OCoLC
=005  20200523093701.8
=008  080508s2008\\\\xx\\\\\\\\\\\\000\0\eng\d
=040  \\$aNLGGC$bdut$efobidrtb$cNLGGC$dOCLCQ
=020  \\$a9780415440509
=020  \\$a0415440505
=029  0\$aNLGGC$b310197767
=035  \\$a(OCoLC)892941586
=049  \\$aNLVA
=100  1\$aKane, Chen.
=245  10$aDetecting nuclear weapons :$bthe IAEA and the politics of proliferation /$cChen Kane.
=260  \\$bRoutledge,$c2008.
=300  \\$a256 p. ;$c24 cm
=336  \\$atekst$btxt$2rdacontent/dut
=337  \\$azonder medium$bn$2rdamedia/dut
=338  \\$aband$bnc$2rdacarrier/dut
=994  \\$a93$bNLVRD
=994  \\$cDELETED$bNLVRD$dRemoved from collection customer.57439.40

