=LDR  05772dam a2201105 i 4500
=001  ocn894625451
=003  OCoLC
=005  20200523094431.7
=008  140915t20152015njuaf\\\\b\\\\001\0\eng\d
=010  \\$a  2014951291
=040  \\$aYDXCP$beng$erda$cDLC$dYDXCP$dBTCTA$dBDX$dCDX$dCPL$dJOY$dTLE$dYAM$dCGP$dOCLCF$dCHVBK$dNLGGC$dNDS$dEUW$dCOH$dS3O$dTWS$dOCLCO$dZCU$dGZS$dERL$dYDX$dOCLCQ$dOCLCO$dOQX$dOCLCA$dSFR$dOCLCQ$dNZGPL$dDHA$dOCLCQ$dJDP$dUKBRU$dAOW$dUKMGB$dLVT$dUKUOY$dCUI$dBDP$dRDF$dOCLCA$dOCLCQ$dL2U$dOCLCQ$dELO$dOCLCQ
=015  \\$aGBB576748$2bnb
=016  7\$a017397138$2Uk
=019  \\$a912240149$a915333605$a960993487$a1008470182
=020  \\$a9780691166391$q(hardback book ;$qacid-free paper)
=020  \\$a0691166390$q(hardback book ;$qacid-free paper)
=020  \\$a9780691175744$q(paperback book ;$qacid-free paper)
=020  \\$a0691175748$q(paperback book ;$qacid-free paper)
=020  \\$a9781400865741$q(electronic bk.)
=020  \\$z1400865743
=020  \\$a1400865743
=029  1\$aAU@$b000054967767
=029  1\$aAU@$b000059786536
=029  1\$aCHABN$b000779419
=029  1\$aCHBIS$b010353782
=029  1\$aCHSLU$b001204804
=029  1\$aCHVBK$b336819137
=029  1\$aCHVBK$b337876355
=029  1\$aCHVBK$b337925607
=029  1\$aGBVCP$b82790147X
=029  1\$aNLGGC$b395122562
=029  1\$aNLNZL$b9917609203502836
=029  1\$aNZ1$b16119461
=029  1\$aNZ1$b1760920
=029  1\$aUNITY$b136462901
=029  1\$aUKMGB$b017397138
=035  \\$a(OCoLC)894625451$z(OCoLC)912240149$z(OCoLC)915333605$z(OCoLC)960993487$z(OCoLC)1008470182
=037  \\$bPrinceton Univ Pr, C/O Perseus Distribution 210 American Dr, Jackson, TN, USA, 38301$nSAN 631-760X
=042  \\$alccopycat
=050  00$aZ721$b.M43 2015
=055  \3$aZ721$bM43
=082  04$a027/.009$223
=084  \\$a06.31$2bcl
=049  \\$aNLVA
=245  04$aThe meaning of the library :$ba cultural history /$cedited by Alice Crawford.
=264  \1$aPrinceton, New Jersey :$bPrinceton University Press,$c[2015]
=264  \4$c©2015
=300  \\$axxix, 300 pages, 16 unnumbered pages of plates :$billustrations (some color) ;$c25 cm
=336  \\$atext$btxt$2rdacontent
=336  \\$astill image$bsti$2rdacontent
=337  \\$aunmediated$bn$2rdamedia
=338  \\$avolume$bnc$2rdacarrier
=504  \\$aIncludes bibliographical references (pages 267-280) and index.
=505  00$tIntroduction /$rAlice Crawford --$gPart 1.$tThe Library through Time.$g1.$tAdventures in ancient Greek and Roman libraries /$rEdith Hall ;$g2.$tThe image of the medieval library /$rRichard Gameson ;$g3.$tThe Renaissance library and the challenge of print /$rAndrew Pettegree ;$g4.$tFrom printing shop to bookshelves : how books began the journey to Enlightenment libraries /$rRobert Darnton ;$g5.$t"The advantages of literature" : the subscription library in Georgian Britain /$rDavid Allan ;$g6.$tLiterature and the library in the nineteenth century /$rJohn Sutherland --$gPart 2.$tThe Library in Imagination.$g7.$tThe library in fiction /$rMarina Warner ;$g8.$tThe library in poetry /$rRobert Crawford ;$g9.$tThe library in film : order and mystery /$rLaura Marcus --$gPart 3.$tThe Library Now and in the Future.$g10.$t"Casting and gathering" : libraries, archives, and the modern writer /$rStephen Enniss ;$g11.$tMeanings of the library today /$rJohn P. Wilkin ;$g12.$tThe modern library and global democracy /$rJames H. Billington.
=520  \\$a"Tracing what the library has meant since its beginning, examining how its significance has shifted, and pondering its importance in the twenty-first century, significant contributors--including the librarian of the Congress and the former executive director of the HathiTrust--present a cultural history of the library"--Dust jacket flap.
=610  27$aAmerika Haus Berlin$bVideo Lending Library$2gnd
=650  \0$aLibraries$xHistory.
=650  \0$aLibraries.
=650  \0$aLibraries and society.
=650  \7$a06.31 history of library and documentation.$0(NL-LeOCL)077593065$2bcl
=650  \7$aLibraries.$2fast$0(OCoLC)fst00997341
=650  \7$aLibraries and society.$2fast$0(OCoLC)fst00997566
=650  \7$aKultur$2gnd
=650  17$aCultuurgeschiedenis.$2gtt$0(NL-LeOCL)078478227
=650  17$aMaatschappij.$2gtt$0(NL-LeOCL)078580455
=650  \7$aBibliotekshistoria.$2sao
=650  \7$aHistory.$2thema
=650  \7$aCultural studies.$2thema
=650  \7$aMedia studies.$2thema
=650  \7$aMedia, entertainment, information & communication industries.$2thema
=650  \7$aLibrary & information sciences / Museology.$2thema
=650  \7$aLibrary, archive & information management.$2thema
=650  \7$aHistory.$2ukslc
=655  \7$aHistory.$2fast$0(OCoLC)fst01411628.
=655  \7$aHistory.$2lcgft
=700  1\$aCrawford, Alice,$d1958-$eeditor.
=700  1\$aHall, Edith,$d1959-$eauthor.
=700  1\$aGameson, Richard,$eauthor.
=700  1\$aPettegree, Andrew,$eauthor.
=700  1\$aDarnton, Robert,$eauthor.
=700  1\$aAllan, David,$d1964-$eauthor.
=700  1\$aSutherland, John,$d1938-$eauthor.
=700  1\$aWarner, Marina,$d1946-$eauthor.
=700  1\$aCrawford, Robert,$d1959-$eauthor.
=700  1\$aMarcus, Laura,$eauthor.
=700  1\$aEnniss, Stephen,$eauthor.
=700  1\$aPrice-Wilkin, W. John$q(William John),$d1956-$eauthor.
=700  1\$aBillington, James H.,$eauthor.
=938  \\$aBrodart$bBROD$n111761166
=938  \\$aBaker and Taylor$bBTCP$nBK0015984826
=938  \\$aCoutts Information Services$bCOUT$n30013987
=938  \\$aYBP Library Services$bYANK$n13152948
=938  \\$aYBP Library Services$bYANK$n12146456
=994  \\$a93$bNLVRD
=994  \\$cDELETED$bNLVRD$dRemoved from collection customer.57439.40

