=LDR  01754dam a2200505Mi 4500
=001  ocn898941037
=003  OCoLC
=005  20200523094954.3
=008  960404s1997\\\\xxk\\\\\\\\\\\000\0\eng\d
=040  \\$aNLGGC$bdut$efobidrtb$cNLGGC$dOCLCO$dBEATB$dOCLCF$dOCL$dOCLCO
=020  \\$a0745611982
=020  \\$a9780745611983
=029  0\$aNLGGC$b146885910
=029  1\$aNLGGC$b20169476X
=035  \\$a(OCoLC)898941037
=050  \4$aJN5$b.B87 1997
=082  04$a320.1/1/094$220
=084  \\$a15.70$2bcl
=049  \\$aNLVA
=100  1\$aBurke, Victor Lee.
=245  14$aThe clash of civilizations :$bwar-making and state formation in Europe /$cVictor Lee Burke.
=260  \\$aCambridge :$bPolity Press,$c1997.
=300  \\$aIX, 206 p. ;$c24 cm.
=336  \\$atekst$btxt$2rdacontent/dut
=337  \\$azonder medium$bn$2rdamedia/dut
=338  \\$aband$bnc$2rdacarrier/dut
=504  \\$aMet lit. opg. en index.
=650  \0$aPolitics and war$xHistory.
=650  \7$aKrieg.$2swd
=650  \7$aKulturkreis.$2swd
=650  \7$aStaatensystem.$2swd
=650  \7$aZivilisation.$2swd
=650  17$aStaatsvorming.$2gtt$0(NL-LeOCL)078674077
=650  17$aOorlogen.$2gtt$0(NL-LeOCL)078613124
=651  \0$aEurope$xPolitics and government.
=651  \7$aEuropa.$2swd
=651  \7$aEuropa (geografie)$2gtt$0(NL-LeOCL)078500982
=650  \7$aPolitics and government$2fast$0(OCoLC)fst01919741
=650  \7$aPolitics and war.$2fast$0(OCoLC)fst01069964
=651  \7$aEurope.$2fast$0(OCoLC)fst01245064
=648  \4$aanno 1200-1799$0(BE-AnANE)a::93.120:1
=648  \4$aanno 800-1199$0(BE-AnANE)a::93.080:1
=655  \7$aHistory.$2fast$0(OCoLC)fst01411628
=994  \\$a93$bNLVRD
=994  \\$cDELETED$bNLVRD$dRemoved from collection customer.57439.40

