=LDR  01931dam a2200433Ia 4500
=001  ocn900410448
=003  OCoLC
=005  20200523093502.4
=008  150109s2014\\\\fr\a\\\\\b\\\\100\0\fre\d
=040  \\$aAUXAM$beng$cAUXAM$dOCLCQ$dLTSCA$dOCLCQ$dOCLCF$dGBVCP$dOCLCA
=020  \\$a9782731409468$q(pbk.)
=020  \\$a2731409460$q(pbk.)
=029  1\$aGBVCP$b828237913
=029  1\$aNLGGC$b401865908
=035  \\$a(OCoLC)900410448
=050  \4$aK3671$b.D76 2014
=049  \\$aNLVA
=245  00$aDroit nucléaire :$bles déchets nucléaires : journée d'étude du 23 octobre 2013 /$csous la direction de Jean-Marie Pontier et Emmanuel Roux.
=260  \\$aAix-en-Provence :$bPresses universitaires d'Aix-Marseille,$c2014.
=300  \\$a279 pages :$billustrations ;$c25 cm
=336  \\$atext$btxt$2rdacontent
=337  \\$aunmediated$bn$2rdamedia
=338  \\$avolume$bnc$2rdacarrier
=500  \\$aAt head of title: Université de Nîmes. Centre de recherches administratives.
=500  \\$aProceedings of a workshop which took place on 23 October 2013.
=504  \\$aIncludes bibliographical references.
=650  \0$aRadioactive waste disposal$xLaw and legislation$vCongresses.
=650  \0$aRadioactive waste disposal$xLaw and legislation$zFrance$vCongresses.
=650  \7$aRadioactive waste disposal$xLaw and legislation.$2fast$0(OCoLC)fst01087841
=651  \7$aFrance.$2fast$0(OCoLC)fst01204289
=650  \7$0(DE-601)106104640$0(DE-588)4068925-6$aAtomrecht$2gnd
=650  \7$0(DE-601)10619190X$0(DE-588)4048190-6$aRadioaktiver Abfall$2gnd
=655  \7$aConference papers and proceedings.$2fast$0(OCoLC)fst01423772
=700  1\$aPontier, Jean-Marie.
=700  1\$aRoux, Emmanuel,$d1969-
=710  2\$aUniversité de Nîmes.$bCentre de recherches administratives.
=938  \\$aAMALIVRE$bAUXA$nAAL0664528-0001
=994  \\$a93$bNLVRD
=994  \\$cDELETED$bNLVRD$dRemoved from collection customer.57439.40

