=LDR  02761dam a2200637Mi 4500
=001  ocn905446378
=003  OCoLC
=005  20200523092918.3
=008  080430s2008\\\\nyua\\\\\\\\\\000\0\eng\d
=010  \\$a  2007047333
=040  \\$aNLGGC$bdut$efobidrtb$cNLGGC$dOCLCO$dOCLCF$dOCLCQ$dOCLCO$dL2U
=015  \\$aGBA847302$2bnb
=020  \\$a9780060744809$q(geb)
=020  \\$a0060744804$q(geb)
=029  0\$aNLGGC$b309979161
=035  \\$a(OCoLC)905446378
=043  \\$an-us---
=050  \0$aE839.5$b.W535 2008
=082  0\$a973.927$222
=084  \\$a15.85$2bcl
=049  \\$aNLVA
=100  1\$aWilentz, Sean$q(Robert Sean),$cjr.,$d1951-
=245  14$aThe age of Reagan :$ba history, 1974-2008 /$cSean Wilentz.
=250  \\$a1st ed.
=260  \\$aNew York, NY :$bHarperCollins,$ccop. 2008.
=300  \\$aviii, 564 p., [16] p. pl. :$bill. ;$c24 cm
=336  \\$atekst$btxt$2rdacontent/dut
=337  \\$azonder medium$bn$2rdamedia/dut
=338  \\$aband$bnc$2rdacarrier/dut
=504  \\$aMet lit. opg., index.
=530  \\$aOok verschenen als online resource.
=600  14$aReagan, Ronald$q(Ronald Wilson),$d1911-2004.$0(NL-LeOCL)068638604
=600  17$aReagan, Ronald,$d1911-2004.$0(NL-LeOCL)068638604$2nta
=650  \0$aPolitical culture$zUnited States$xHistory$y20th century.
=650  \0$aPolitical culture$zUnited States$xHistory$y21st century.
=650  \0$aConservatism$zUnited States$xHistory$y20th century.
=650  \0$aConservatism$zUnited States$xHistory$y21st century.
=651  \0$aUnited States$xPolitics and government$y1945-1989.
=651  \0$aUnited States$xPolitics and government$y1989-
=650  \7$a15.85 history of America.$0(NL-LeOCL)07761190X$2bcl
=650  \7$aConservatism.$2fast$0(OCoLC)fst00875582
=650  \7$aPolitical culture.$2fast$0(OCoLC)fst01069263
=650  \7$aPolitics and government.$2fast$0(OCoLC)fst01919741
=651  \7$aUnited States.$2fast$0(OCoLC)fst01204155
=650  17$aPolitieke geschiedenis.$2gtt$0(NL-LeOCL)078631424
=650  17$aConservatisme.$2gtt$0(NL-LeOCL)078474825
=651  \7$aVerenigde Staten.$2gtt$0(NL-LeOCL)078939836
=648  \7$aSince 1900$2fast
=655  \7$aHistory.$2fast$0(OCoLC)fst01411628
=776  0\$tAge of Reagan$w(NL-LeOCL)313856974
=856  41$3Inhaltsverzeichnis$uhttp://bvbr.bib-bvb.de:8991/F?func=service&doc_library=BVB01&doc_number=017730841&line_number=0001&func_code=DB_RECORDS&service_type=MEDIA
=856  4\$uhttp://catdir.loc.gov/catdir/enhancements/fy0910/2007047333-b.html
=856  4\$uhttp://catdir.loc.gov/catdir/toc/ecip085/2007047333.html
=856  4\$uhttp://catdir.loc.gov/catdir/enhancements/fy0910/2007047333-d.html
=994  \\$a93$bNLVRD
=994  \\$cDELETED$bNLVRD$dRemoved from collection customer.57439.40

