=LDR  04953dam a2200781 i 4500
=001  ocn905600419
=003  OCoLC
=005  20200523094827.1
=008  150323s2016\\\\mau\\\\\\b\\\\001\0\eng\\
=010  \\$a  2015010933
=040  \\$aDLC$beng$erda$cDLC$dBTCTA$dYDXCP$dOCLCF$dBDX$dHLS$dCDX$dRCJ$dCLU$dGUB$dPUL$dS3O$dCHVBK$dOCLCO$dSFR$dOCLCQ$dOCLCA$dOCLCO$dOCLCA$dUKMGB$dOCLCA$dAU@$dOCLCA$dOCLCQ
=015  \\$aGBB629000$2bnb
=016  7\$a017754068$2Uk
=019  \\$a906121589$a921863308$a923511083$a933788595$a962099760$a1058857381
=020  \\$a9780674504912$q(hc)
=020  \\$a0674504917$q(hc)
=029  1\$aAU@$b000057143216
=029  1\$aCHBIS$b010427069
=029  1\$aCHNEW$b000880513
=029  1\$aCHVBK$b356132862
=029  1\$aCHVBK$b37445325X
=029  1\$aNLGGC$b401752771
=029  1\$aUKMGB$b017754068
=035  \\$a(OCoLC)905600419$z(OCoLC)906121589$z(OCoLC)921863308$z(OCoLC)923511083$z(OCoLC)933788595$z(OCoLC)962099760$z(OCoLC)1058857381
=037  \\$bHarvard Univ Pr, C/O Triliteral Llc 100 Maple Ridge Dr, Cumbreland, RI, USA, 02864-1769, (401)6584226$nSAN 631-8126
=042  \\$apcc
=050  00$aK3850$b.C485 2016
=072  \7$aBUS$x070000$2bisacsh
=082  00$a338.6/048$223
=049  \\$aNLVA
=100  1\$aChristophers, Brett,$d1971-$eauthor.
=245  14$aThe great leveler :$bcapitalism and competition in the court of law /$cBrett Christophers.
=264  \1$aCambridge, Massachusetts :$bHarvard University Press,$c2016.
=300  \\$a348 pages ;$c25 cm
=336  \\$atext$btxt$2rdacontent
=337  \\$aunmediated$bn$2rdamedia
=338  \\$avolume$bnc$2rdacarrier
=504  \\$aIncludes bibliographical references and index.
=505  0\$aCompetition under capitalism -- Exchange production for markets -- Law as leveler -- Designs on monopoly -- The revival of competition -- Remaking monopoly for the twenty-first century.
=520  \\$a"For all the turmoil that roiled financial markets during the Great Recession and its aftermath, Wall Street forecasts once again turned bullish and corporate profitability soared to unprecedented heights. How does capitalism consistently generate profits despite its vulnerability to destabilizing events that can plunge the global economy into chaos? The Great Leveler elucidates the crucial but underappreciated role of the law in regulating capitalism's rhythms of accumulation and growth. Brett Christophers argues that capitalism requires a delicate balance between competition and monopoly. When monopolistic forces become dominant, antitrust law steps in to discourage the growth of giant corporations and restore competitiveness. When competitive forces become dominant, intellectual property law steps in to protect corporate assets and encourage investment. These two sets of laws - antitrust and intellectual property - have a pincer effect on corporate profitability, ensuring that markets become neither monopolistic, which would lead to rent-seeking and stagnation, nor overly competitive, which would drive down profits. Christophers pursues these ideas through a close study of the historical development of American and British capitalist economies from the late nineteenth century to the present, tracing the relationship between monopoly and competition in each country and the evolution of legal mechanisms for keeping these forces in check. More than an illuminating study of the economic role of law, The Great Leveler is a bold and fresh dissection of the anatomy of modern capitalism."--Publisher's website.
=506  \\$aAccess restricted to authorised ANU users only.$5ANU
=610  27$aUmschulungswerkstätten für Siedler und Auswanderer$gBitterfeld$2gnd
=650  \0$aAntitrust law.
=650  \0$aCompetition.
=650  \0$aCapitalism.
=650  \7$aAntitrust law.$2fast$0(OCoLC)fst00810849
=650  \7$aCapitalism.$2fast$0(OCoLC)fst00846425
=650  \7$aCompetition.$2fast$0(OCoLC)fst00871464
=650  \7$aImmaterialgut$2gnd
=650  \7$aKartellrecht$2gnd
=650  \7$aMarktstruktur$2gnd
=650  \7$aMonopol$2gnd
=650  \7$aWettbewerbsrecht$2gnd
=651  \7$aGroßbritannien$2gnd
=650  \7$aKonkurrens.$2sao
=650  \7$aKapitalism.$2sao
=650  \7$aKonkurrensrätt.$2sao
=650  \7$aBUSINESS & ECONOMICS$xIndustries$xGeneral.$2bisacsh
=650  \7$aBUSINESS & ECONOMICS$xDevelopment$xEconomic Development.$2bisacsh
=776  08$iPrint version$z9780674504912$z0674504917
=856  41$3EBSCOhost$uhttp://search.ebscohost.com/login.aspx?direct=true&scope=site&db=nlebk&db=nlabk&AN=1133825
=856  41$uhttp://www.jstor.org/stable/10.2307/j.ctt1c84cvs$zView online
=938  \\$aBrodart$bBROD$n113069766
=938  \\$aBaker and Taylor$bBTCP$nBK0016859356
=938  \\$aCoutts Information Services$bCOUT$n31259382
=938  \\$aYBP Library Services$bYANK$n12361107
=994  \\$a93$bNLVRD
=994  \\$cDELETED$bNLVRD$dRemoved from collection customer.57439.40

