=LDR  01048dam a2200313Mi 4500
=001  ocn905623719
=003  OCoLC
=005  20200523094835.9
=008  040126s2016\\\\enka\\\\\\\\\\000\0\eng\d
=040  \\$aNLGGC$bdut$efobidrtb$cNLGGC$dOCLCQ
=015  \\$aGBA4Z4587$2bnb
=020  \\$a0198731175$q(pbk.)
=020  \\$a9780198731177$q(pbk.)
=029  0\$aNLGGC$b259799491
=035  \\$a(OCoLC)905623719
=082  04$a960.3
=049  \\$aNLVA
=100  1\$aTwaddle, Michael.$0(NL-LeOCL)069093857
=245  14$aThe making of modern Africa :$b1787 to present /$cMichael Twaddle.
=260  \\$aOxford :$bOxford University Press,$c2016.
=300  \\$a568 p. :$bill, krt. ;$c24 cm
=336  \\$atekst$btxt$2rdacontent/dut
=337  \\$azonder medium$bn$2rdamedia/dut
=338  \\$aband$bnc$2rdacarrier/dut
=651  \4$aAfrica$xHistory$y20th century.
=651  \4$aAfrica.
=830  \0$aShort Oxford history of the modern world.$x0080-939X$w(NL-LeOCL)820121649
=994  \\$a93$bNLVRD
=994  \\$cDELETED$bNLVRD$dRemoved from collection customer.57439.40

