=LDR  01828dam a2200493Mi 4500
=001  ocn905624548
=003  OCoLC
=005  20200523094836.9
=008  050403s2005\\\\xxu\\\\\\b\\\\001\0\eng\d
=010  \\$a  2005007514
=040  \\$aNLGGC$bdut$efobidrtb$cNLGGC$dOCLCO$dOCLCF$dOCLCQ
=020  \\$a0801443210$q(geb.)
=020  \\$a9780801443213$q(geb.)
=029  0\$aNLGGC$b274280132
=035  \\$a(OCoLC)905624548
=050  \0$aJZ1253$b.H33 2005
=082  0\$a327.1/09$222
=084  \\$a89.70$2bcl
=049  \\$aNLVA
=100  1\$aHaas, Mark L.
=245  14$aThe ideological origins of great power politics, 1789-1989 /$cMark L. Haas.
=260  \\$aIthaca :$bCornell University Press,$c2005.
=300  \\$ax, 232 p. ;$c25 cm.
=336  \\$atekst$btxt$2rdacontent/dut
=337  \\$azonder medium$bn$2rdamedia/dut
=338  \\$aband$bnc$2rdacarrier/dut
=490  1\$aCornell studies in security affairs
=504  \\$aMet index, lit. opg.
=650  \0$aInternational relations$xDecision making.
=650  \0$aIdeology.
=650  \0$aWorld politics.
=650  \0$aGreat powers.
=650  \7$aGreat powers.$2fast$0(OCoLC)fst00947048
=650  \7$aIdeology.$2fast$0(OCoLC)fst00966915
=650  \7$aInternational relations$xDecision making.$2fast$0(OCoLC)fst00977062
=650  \7$aWorld politics.$2fast$0(OCoLC)fst01181381
=650  17$aInternationale politiek.$2gtt$0(NL-LeOCL)078548071
=650  17$aGrote mogendheden.$2gtt$0(NL-LeOCL)078527376
=650  17$aPolitieke besluitvorming.$2gtt$0(NL-LeOCL)078631254
=650  17$aIdeologieën.$2gtt$0(NL-LeOCL)078541891
=830  \0$aCornell studies in security affairs.$w(NL-LeOCL)864087926
=856  4\$uhttp://catdir.loc.gov/catdir/toc/ecip059/2005007514.html
=994  \\$a93$bNLVRD
=994  \\$cDELETED$bNLVRD$dRemoved from collection customer.57439.40

