=LDR  01507dam a2200421Mi 4500
=001  ocn905776968
=003  OCoLC
=005  20200523092454.4
=008  941220s1995\\\\xxk\\\\\\\\\\\000\0\eng\d
=040  \\$aNLGGC$bdut$efobidrtb$cNLGGC$dOCLCO$dOCLCF
=020  \\$a0745608876
=020  \\$a9780745608877
=029  0\$aNLGGC$b125696701
=035  \\$a(OCoLC)905776968
=041  1\$aeng$hger
=050  \4$aJC578$b.H6313 1995
=082  04$a320/.01/1$220
=084  \\$a89.06$2bcl
=049  \\$aNLVA
=100  1\$aHöffe, Otfried,$d1943-
=245  10$aPolitical justice :$bfoundations for a critical philosophy of law and the state /$cOtfried Höffe ; transl. [from the German] by Jeffrey C. Cohen.
=260  \\$aCambridge :$bPolity Press,$c1995.
=300  \\$avii, 351 p. ;$c24 cm.
=336  \\$atekst$btxt$2rdacontent/dut
=337  \\$azonder medium$bn$2rdamedia/dut
=338  \\$aband$bnc$2rdacarrier/dut
=504  \\$aMet lit. opg. en index.
=650  \0$aJustice.
=650  \0$aLegitimacy of governments.
=650  \7$aJustice.$2fast$0(OCoLC)fst00985122
=650  \7$aLegitimacy of governments.$2fast$0(OCoLC)fst00995908
=650  17$aStaat (politicologie)$2gtt$0(NL-LeOCL)078673461
=650  17$aRecht.$2gtt$0(NL-LeOCL)078644011
=650  17$aRechtvaardigheid.$2gtt$0(NL-LeOCL)078645786
=700  1\$aCohen, Jeffrey C.
=765  0\$tPolitische Gerechtigkeit.$dFrankfurt am Main : Suhrkamp, 1987
=994  \\$a93$bNLVRD
=994  \\$cDELETED$bNLVRD$dRemoved from collection customer.57439.40

