=LDR  01241dam a2200349Mi 4500
=001  ocn906535519
=003  OCoLC
=005  20200523093317.9
=008  890522s1989\\\\nyu\\\\\\\\\\\000\0\eng\d
=040  \\$aNLGGC$bdut$efobidrtb$cNLGGC
=020  \\$a0892414588
=020  \\$a9780892414581
=029  0\$aNLGGC$b053084012
=035  \\$a(OCoLC)906535519
=050  \4$aDS195.5
=082  04$a956.6/2015
=049  \\$aNLVA
=100  1\$aDavis, Leslie A.,$d1876-1960.$0(NL-LeOCL)079133991
=245  14$aThe slaughterhouse province :$ban American diplomat's report on the Armenian genocide, 1915-1917 /$cLeslie A. Davis ; ed. with an introd. by Susan K. Blair.
=260  \\$aNew Rochelle, N.Y. :$bCaratzas,$ccop. 1989.
=300  \\$aVIII, 216 p. :$bill., facs., krt. ;$c24 cm.
=336  \\$atekst$btxt$2rdacontent/dut
=337  \\$azonder medium$bn$2rdamedia/dut
=338  \\$aband$bnc$2rdacarrier/dut
=600  14$aDavis, Leslie A.,$d1876-1960.$0(NL-LeOCL)079133991
=650  \4$aArmenian massacres, 1915-1923.
=650  \4$aConsuls.
=650  \4$aArmenians.
=651  \4$aMamuretülaziz (Turkey)
=700  1\$aBlair, Susan K.$0(NL-LeOCL)079134009
=994  \\$a93$bNLVRD
=994  \\$cDELETED$bNLVRD$dRemoved from collection customer.57439.40

