=LDR  01821dam a2200457Ii 4500
=001  ocn910965037
=003  OCoLC
=005  20200523094609.9
=008  150612s2014\\\\fr\\\\\\\b\\\\000\0\fre\d
=040  \\$aLGG$beng$erda$cLTSCA$dOCLCF$dOCLCA
=020  \\$a9782842876388$q(paperback)
=020  \\$a2842876385$q(paperback)
=029  1\$aNLGGC$b401865118
=035  \\$a(OCoLC)910965037
=050  \4$aK487.C8$bR43 2014
=049  \\$aNLVA
=245  03$aLa rencontre des droits en Méditerranée :$bl'acculturation en question /$csous la direction de Xavier Perrot et Jacques Péricard.
=264  \1$aLimoges :$bPulim,$c[2014]
=300  \\$a189 pages ;$c24 cm.
=336  \\$atext$btxt$2rdacontent
=337  \\$aunmediated$bn$2rdamedia
=338  \\$avolume$bnc$2rdacarrier
=490  1\$aConstellations,$x1954-0671
=504  \\$aIncludes bibliographical references.
=650  \0$aLaw$xSocial aspects$zMediterranean Region.
=650  \0$aAcculturation$zMediterranean Region$xHistory.
=650  \0$aReligion and law$zMediterranean Region.
=650  \0$aIslamic law$zMediterranean Region.
=650  \0$aHuman rights$zMediterranean Region.
=650  \7$aAcculturation.$2fast$0(OCoLC)fst00795535
=650  \7$aHuman rights.$2fast$0(OCoLC)fst00963285
=650  \7$aIslamic law.$2fast$0(OCoLC)fst00979949
=650  \7$aLaw$xSocial aspects.$2fast$0(OCoLC)fst00993813
=650  \7$aReligion and law.$2fast$0(OCoLC)fst01093835
=651  \7$aMediterranean Region.$2fast$0(OCoLC)fst01239752
=655  \7$aHistory.$2fast$0(OCoLC)fst01411628
=700  1\$aPerrot, Xavier,$eeditor,$ewriter of introduction.
=700  1\$aPéricard, Jacques,$eeditor,$ewriter of introduction.
=830  \0$aConstellations (Limoges, France)
=994  \\$a93$bNLVRD
=994  \\$cDELETED$bNLVRD$dRemoved from collection customer.57439.40

