=LDR  00848dam a22002653i 4500
=001  ocn913768017
=003  OCoLC
=005  20200523093252.4
=008  150713s2015\\\\xx\\\\\\\\\\\\000\0\eng\d
=040  \\$aYDXCP$beng$cYDXCP$dBDX$dBTCTA$dOCLCQ
=020  \\$a1138847526
=020  \\$a9781138847521
=029  1\$aNLGGC$b402180356
=035  \\$a(OCoLC)913768017
=049  \\$aNLVA
=100  1\$aSolvang, Trond.
=245  10$aLaytime and demurrage :$ba comparative perspective.
=260  \\$a[Place of publication not identified] :$bRoutledge,$c2015.
=336  \\$atext$btxt$2rdacontent
=337  \\$aunmediated$bn$2rdamedia
=938  \\$aBrodart$bBROD$n113299710
=938  \\$aBaker and Taylor$bBTCP$nBK0017390299
=938  \\$aYBP Library Services$bYANK$n12520538
=994  \\$a93$bNLVRD
=994  \\$cDELETED$bNLVRD$dRemoved from collection customer.57439.40

