=LDR  01817dam a2200469 i 4500
=001  ocn927622308
=003  OCoLC
=005  20200523092233.3
=008  150328s2014\\\\bn\\\\\\\b\\\\000\0\bos\\
=010  \\$a  2015383701
=040  \\$aDLC$beng$erda$cDLC$dOCLCO$dOCLCF$dEVIEW$dOSU$dOCLCA
=020  \\$a9789958598579$q(paperback)
=020  \\$a9958598574$q(paperback)
=029  1\$aNLGGC$b40175703X
=035  \\$a(OCoLC)927622308
=042  \\$apcc
=043  \\$ae-bn---
=050  00$aKJK8146.3$b.S33 2014
=049  \\$aNLVA
=100  1\$aŠadić, Sanela,$d1973-
=245  10$aLjudska prava i socijalni rad /$cSanela Šadić.
=264  \1$aSarajevo :$bUniverzitet u Sarajevu, Fakultet političkih nauka,$c2014.
=300  \\$a187 pages ;$c24 cm
=336  \\$atext$btxt$2rdacontent
=337  \\$aunmediated$bn$2rdamedia
=338  \\$avolume$bnc$2rdacarrier
=504  \\$aIncludes bibliographical references (pages 177-186).
=650  \0$aSocial rights$zBosnia and Herzegovina.
=650  \0$aSocial legislation$zBosnia and Herzegovina.
=650  \0$aHuman rights$zBosnia and Herzegovina.
=650  \0$aSocial service$zBosnia and Herzegovina.
=650  \0$aSocial workers$zBosnia and Herzegovina.
=650  \7$aHuman rights.$2fast$0(OCoLC)fst00963285
=650  \7$aSocial legislation.$2fast$0(OCoLC)fst01122625
=650  \7$aSocial rights.$2fast$0(OCoLC)fst01122856
=650  \7$aSocial service.$2fast$0(OCoLC)fst01123192
=650  \7$aSocial workers.$2fast$0(OCoLC)fst01123585
=651  \7$aBosnia and Herzegovina.$2fast$0(OCoLC)fst01212749
=856  41$3Table of contents only$uhttp://catdir.loc.gov/catdir/toc/fy16pdf02/2015383701.html
=938  \\$aEast View Information Services$bEAST$n2217388B
=994  \\$a93$bNLVRD
=994  \\$cDELETED$bNLVRD$dRemoved from collection customer.57439.40

