=LDR  00852dam a2200265Mi 4500
=001  ocn933611866
=003  OCoLC
=005  20200523091511.4
=008  090423s2018\\\\enk\\\\\\\\\\\000\0\eng\d
=040  \\$aNLGGC$bdut$efobidrtb$cNLGGC
=020  \\$a9780199550708
=020  \\$a0199550700
=029  0\$aNLGGC$b318020769
=035  \\$a(OCoLC)933611866
=049  \\$aNLVA
=100  1\$aByrnes, Andrew.
=245  14$aThe international bill of rights for women :$bthe impact of the CEDAW Convention /$cAndrew Byrnes, Jane Connors.
=260  \\$aOxford [etc.] :$bOxford University Press,$c[2018?]
=300  \\$c.. cm.
=336  \\$atekst$btxt$2rdacontent/dut
=337  \\$azonder medium$bn$2rdamedia/dut
=338  \\$aband$bnc$2rdacarrier/dut
=700  1\$aConnors, Jane.
=994  \\$a93$bNLVRD
=994  \\$cDELETED$bNLVRD$dRemoved from collection customer.57439.40

