=LDR  00770dam a2200253Mi 4500
=001  ocn941077962
=003  OCoLC
=005  20200523092650.5
=008  071116s2007\\\\xx\\\\\\\\\\\\000\0\und\d
=040  \\$aNLGGC$bdut$efobidrtb$cNLGGC
=020  \\$a9781847032874
=020  \\$a1847032877
=029  0\$aNLGGC$b305199277
=035  \\$a(OCoLC)941077962
=049  \\$aNLVA
=100  1\$aHays, Thomas.$0(NL-LeOCL)403925177
=245  10$aParallel Importation Under European Union Law /$cThomas E. Hays.
=250  \\$a2nd ed.
=260  \\$aSweet & Maxwell Ltd,$c2007.
=336  \\$atekst$btxt$2rdacontent/dut
=337  \\$azonder medium$bn$2rdamedia/dut
=338  \\$aband$bnc$2rdacarrier/dut
=994  \\$a93$bNLVRD
=994  \\$cDELETED$bNLVRD$dRemoved from collection customer.57439.40

