=LDR  00847dam a22002653  4500
=001  ocn941876741
=003  OCoLC
=005  20200523093111.3
=008  160229s2017\\\\xx\\\\\\\\\\\\000\0\eng\d
=040  \\$aYDXCP$beng$cYDXCP$dBTCTA$dBDX$dOCLCQ
=020  \\$a1409467996
=020  \\$a9781409467991
=029  1\$aNLGGC$b402172981
=035  \\$a(OCoLC)941876741
=049  \\$aNLVA
=100  1\$aDaly, Aoife.
=245  10$aRights to be heard-children, autonomy and the courts.
=260  \\$a[Place of publication not identified] :$bRoutledge,$c2017.
=336  \\$atext$btxt$2rdacontent
=337  \\$aunmediated$bn$2rdamedia
=938  \\$aBrodart$bBROD$n115030697
=938  \\$aBaker and Taylor$bBTCP$nBK0018460780
=938  \\$aYBP Library Services$bYANK$n12864688
=994  \\$a93$bNLVRD
=994  \\$cDELETED$bNLVRD$dRemoved from collection customer.57439.40

