=LDR  04450dam a2200673 i 4500
=001  ocn945088666
=003  OCoLC
=005  20200523093757.4
=008  160429s2016\\\\ne\\\\\\\b\\\\001\0\eng\\
=010  \\$a  2016295543
=040  \\$aDLC$beng$erda$cDLC$dERASA$dBTCTA$dYDXCP$dEQO$dOCLCF$dOCLCO$dCDX$dYULAW$dOCL$dOHX$dZWZ$dRCJ$dCHVBK$dOCLCO$dOCLCA
=020  \\$a9789041167415
=020  \\$a9041167412
=029  1\$aNLGGC$b402135105
=029  1\$aZWZ$b194257940
=029  1\$aAU@$b000057552324
=029  1\$aCHVBK$b499938828
=029  1\$aCHBIS$b011054785
=035  \\$a(OCoLC)945088666
=042  \\$apcc
=050  00$aK2330$b.F56 2016
=072  \7$aK$2lcco
=082  04$a340-349
=049  \\$aNLVA
=245  00$aFinding, freezing and attaching assets :$ba multi-jurisdictional handbook /$cedited by Jacob C. Jørgensen.
=264  \1$aAlphen aan den Rijn, the Netherlands :$bKluwer Law International$c[2016]
=300  \\$axxxvii, 320 pages ;$c25 cm
=336  \\$atext$btxt$2rdacontent
=337  \\$aunmediated$bn$2rdamedia
=338  \\$avolume$bnc$2rdacarrier
=504  \\$aIncludes bibliographical references and index.
=505  0\$aBrazil / Gledson Marques de Campos and Mauro Pedroso Gonçalves -- British Virgin Islands / Arabella di Iorio -- Canada / James A. Round and Aleksandar Jovanovic -- Cayman Islands / Mac Imrie and Gemma Newell -- People's Republic of China / Katarina Nilsson, Larry Lian and Norla Gu -- Cyprus / Michalis Kyriakides and Nicolas Kyriakides -- Denmark / Jacob C. Jørgensen and Signe A. Vest -- England and Wales / Ruth Byrne and Henry Farris -- Germany / Jan Heiner Nedden and Friedrich Rosenfeld -- Hong Kong / Colin Cohen -- Israel / Yonathan Arbel and Elad Peled -- Italy / Marco Padovan, Renato Costagliola and Michele Bonomini -- The Netherlands / Sidney J.H.M. Berendsen and Bart-Jaap van Emmerik -- New Zealand / James Cairney and Kathleen Morrison -- Russia / Alexei Panich and Maria Dolotova -- Sweden / Finn Madsen and Daniel Prawitz -- Switzerland / Alexander Jolles and Stefan Leimgruber -- Turkey / Suat Sarı and Utku Coşar - United States of America / John Daerr.
=520  8\$aFinding, freezing and attaching assets: A multi-jurisdictional handbook' is about how to find out whether a defendant has any assets before initiating costly litigation, arbitration, or insolvency proceedings, and how to freeze such assets with the aim of eventually enforcing a judgment or award. The globalization in trade relations has resulted in a steady increase in cross-border disputes and, due to the ease with which assets can be moved around the world with the help of online banking and fiduciary service providers, parties are increasingly finding themselves suing or being sued outside their home jurisdictions. As a result, there is increased interest among clients with regard to the finding and freezing of assets as the parties involved in commercial disputes these days are doing their best to expatriate assets as well as undermine enforcement. The purpose of this book is to provide the reader with as much information as possible on asset identification on a jurisdiction-by-jurisdiction basis and also on the client?s decision of whether or not to freeze assets once the assets have been identified.
=650  \0$aExecutions (Law)
=650  \0$aAttachment and garnishment.
=650  \0$aArbitration agreements, Commercial.
=650  \0$aLiquidity (Economics)
=650  \7$aArbitration agreements, Commercial.$2fast$0(OCoLC)fst00812766
=650  \7$aAttachment and garnishment.$2fast$0(OCoLC)fst00820756
=650  \7$aExecutions (Law)$2fast$0(OCoLC)fst00917762
=650  \7$aLiquidity (Economics)$2fast$0(OCoLC)fst00999682
=650  \7$aClause compromissoire.$2ram
=650  \7$aVermögen$2gnd
=650  \7$aSachwert$2gnd
=650  \7$aBeschlagnahme$2gnd
=650  \7$aVollstreckung$2gnd
=651  \7$aSüdamerika$2gnd
=651  \7$aNordamerika$2gnd
=651  \7$aEuropa$2gnd
=651  \7$aAsien$2gnd
=651  \7$aAustralien$2gnd
=700  1\$aJørgensen, Jacob C.,$eeditor.
=938  \\$aErasmus Boekhandel$bERAA$nNTS0000224021
=938  \\$aBaker and Taylor$bBTCP$nBK0018666637
=938  \\$aYBP Library Services$bYANK$n12927044
=938  \\$aCoutts Information Services$bCOUT$n34711841
=938  \\$aOtto Harrassowitz$bHARR$nhar165012628
=994  \\$a93$bNLVRD
=994  \\$cDELETED$bNLVRD$dRemoved from collection customer.57439.40

