=LDR  01839dam a2200469Ki 4500
=001  ocn945627652
=003  OCoLC
=005  20200523092108.6
=008  160325s2013\\\\gw\a\\\\\b\\\\000\0\ger\d
=040  \\$aOHX$beng$cOHX$dOCLCO$dUAF$dOCLCQ$dOCLCF
=016  7\$a1037712331$2DE-101
=020  \\$a9783503154357$q(hd. bd.)
=020  \\$a3503154353$q(hd. bd.)
=029  1\$aNLGGC$b401975509
=035  \\$a(OCoLC)945627652
=043  \\$at------
=050  \4$aKWX705$b.P76 2013
=072  \7$aK$2lcco
=049  \\$aNLVA
=100  1\$aProelss, Alexander,$eauthor.
=245  14$aDie Genehmigung wissenschaftlicher Forschung in der Antarktis im Lichte von Umweltschutz und Forschungsfreiheit /$cvon Alexander Proelß, Eike Blitza und Jan Oliva.
=264  \1$aBerlin :$bErich Schmidt Verlag,$c2013.
=300  \\$a138 pages :$billustrations ;$c22 cm.
=336  \\$atext$btxt$2rdacontent
=337  \\$aunmediated$bn$2rdamedia
=338  \\$avolume$bnc$2rdacarrier
=490  1\$aUmwelt- und Technikrecht,$x0933-6494 ;$vBd. 122
=504  \\$aIncludes bibliographical references (pages 130-137).
=650  \0$aEnvironmental protection$zAntarctica.
=650  \0$aEnvironmental law$zAntarctica.
=651  \0$aAntarctica$xEnvironmental aspects.
=651  \0$aAntarctica$xResearch$xEnvironmental aspects.
=650  \7$aEnvironmental law.$2fast$0(OCoLC)fst00913122
=650  \7$aEnvironmental protection.$2fast$0(OCoLC)fst00913324
=650  \7$aResearch$xEnvironmental aspects.$2fast$0(OCoLC)fst01354435
=651  \7$aAntarctica.$2fast$0(OCoLC)fst01239992
=700  1\$aBlitza, Eike,$eauthor.
=700  1\$aOliva, Jan,$eauthor.
=830  \0$aUmwelt- und Technikrecht ;$vBd. 122.$x0933-6494
=938  \\$aOtto Harrassowitz$bHARR$nhar130386053
=994  \\$a93$bNLVRD
=994  \\$cDELETED$bNLVRD$dRemoved from collection customer.57439.40

