=LDR  02027dam a22005654i 4500
=001  ocn946495592
=003  OCoLC
=005  20200523094658.6
=008  160412s2015\\\\fr\\\\\\\\\\\\000\0\fre\d
=040  \\$aNLGGC$beng$erda$cNLGGC$dSTF$dOCLCO$dMEAUC$dOCLCF$dGBVCP$dNDD$dOCLCO$dOCLCQ$dOCLCA$dOCLCQ$dOCLCA
=019  \\$a935928063
=020  \\$a2706712945$q(pbk.)
=020  \\$a9782706712944
=029  0\$aNLGGC$b402116194
=029  1\$aDEBBG$bBV042985161
=029  1\$aGBVCP$b838168361
=035  \\$a(OCoLC)946495592$z(OCoLC)935928063
=043  \\$aaw-----
=050  14$aBR1070$b.F76 2015
=084  \\$a11.57$2bcl
=084  \\$a15.76$2bcl
=084  \\$a6,23$2ssgn
=049  \\$aNLVA
=100  1\$aFromager, Marc,$d1968-$eauthor.
=245  10$aGuerres, pétrole et radicalisme :$bles chrétiens d'Orient pris en étau /$cMarc Fromager.
=264  \1$aParis :$bSalvator,$c[2015]
=300  \\$a191 pages ;$c21 cm
=336  \\$atext$btxt$2rdacontent
=337  \\$aunmediated$bn$2rdamedia
=338  \\$avolume$bnc$2rdacarrier
=650  \0$aChristians$zMiddle East$xSocial conditions.
=650  \0$aPersecution$zMiddle East.
=650  \0$aReligion and politics$zMiddle East.
=650  \0$aGeopolitics$zMiddle East.
=650  \0$aChristianity and other religions$xIslam.
=650  \0$aIslam$xRelations$xChristianity.
=650  \7$aChristianity.$2fast$0(OCoLC)fst00859599
=650  \7$aChristians$xSocial conditions.$2fast$0(OCoLC)fst00859778
=650  \7$aGeopolitics.$2fast$0(OCoLC)fst00941045
=650  \7$aInterfaith relations.$2fast$0(OCoLC)fst01353343
=650  \7$aIslam.$2fast$0(OCoLC)fst00979776
=650  \7$aPersecution.$2fast$0(OCoLC)fst01058354
=650  \7$aReligion and politics.$2fast$0(OCoLC)fst01093842
=651  \7$aMiddle East.$2fast$0(OCoLC)fst01241586
=650  \7$aRadikalismus$2gnd
=650  \7$aChrist$2gnd
=650  \7$aLebensbedingungen$2gnd
=651  \7$aNaher Osten$2gnd
=994  \\$a93$bNLVRD
=994  \\$cDELETED$bNLVRD$dRemoved from collection customer.57439.40

