=LDR  04844dam a2200661Mi 4500
=001  ocn948440745
=003  OCoLC
=005  20200523093914.8
=008  160429s2015\\\\gw\\\\\\\b\\\\100\0\ger\d
=040  \\$aOHX$beng$cOHX$dGXR$dOCLCO$dOCLCF$dYDXCP$dBTCTA$dOCLCQ$dOCLCO$dCGU
=016  7\$a1079084797$2DE-101
=019  \\$a939715504$a943691181
=020  \\$a9783848728978$q(Nomos ;$qpbk.)
=020  \\$a3848728974$q(Nomos ;$qpbk.)
=020  \\$a9783727277672$q(Stämpfli ;$qpbk.)
=020  \\$a372727767X$q(Stämpfli ;$qpbk.)
=020  \\$a9789601527574$q(Sakkoulas ;$qpbk.)
=020  \\$a9601527575$q(Sakkoulas ;$qpbk.)
=020  \\$z9783845272481$q(online)
=024  3\$a9783848728978
=029  1\$aNLGGC$b40211437X
=035  \\$a(OCoLC)948440745$z(OCoLC)939715504$z(OCoLC)943691181
=041  \\$aeng$afre$ager
=043  \\$ae------
=050  \4$aHV238$b.Z83 2015
=072  \7$aK$2lcco
=049  \\$aNLVA
=245  04$aDie Zukunft des sozialen Rechtsstaates in Europa :$bthe future of the constitutional welfare state in Europe = L'avenir de l'etat de droit social en Europe /$cJulia Iliopoulos-Strangas (ed.).
=246  1\$aFuture of the constitutional welfare state in Europe
=246  1\$aL'avenir de l'etat de droit social en Europe
=250  \\$a1. Auflage.
=260  \\$aBaden-Baden :$bNomos ;$a[Bern] :$bStämpfli Verlag,$c©2015.
=300  \\$a361 pages ;$c23 cm.
=336  \\$atext$btxt$2rdacontent
=337  \\$aunmediated$bn$2rdamedia
=338  \\$avolume$bnc$2rdacarrier
=490  1\$aSIPE (Series) ;$vBand 10
=500  \\$aProceedings from the 10th SIPE conference held October 30-November 1, 2014 in Athens.
=504  \\$aIncludes bibliographical references.
=505  00$tQuarante ans de justiciabilité de droits sociaux constitutionnels en France: Quel bilan? /$rLaurence Gay --$tJustiziabilität der sozialen Grundrechte und Gewährleistungen sozialen Inhalts? Zum Stand der aktuellen Rechtsprechung in Griechenland /$rAikaterini Iliadou --$tThe EU Charter of Fundamental Rights: milestone or warm-up in the protection of social rights? /$rAdam Bodnar --$tSicherung des sozialen Rechtsstaates durch die EMRK? /$rClaudia Wutscher --$tDer europäische soziale Rechtsstaat: Entstehung, Entwicklung und Perspektiven /$rUlrich Becker --$tThe future of the constitutional welfare State in Europe from the Irish perspective /$rDiarmuid Rossa Phelan --$tDie Zukunft des sozialen Rechtsstaats in Europa aus italienischer Sicht /$rLuca Mezzetti --$tL'avenir de l'État de Droit Social en Europe: le point de vue portugais /$rJosé Carlos Vieira de Andrade --$tLe Droit du Travail: Annexe de la politique économique ? Le point de vue espagnol /$rMaría Emilia Casas Baamonde,$rMiguel Rodríguez-Piñiero y Bravo-Ferrer.
=505  80$tThe future of the constitutional welfare State: the example of Hungary /$rJózsef Hajdú --$tÜberblick über das Europäische Sozialrecht unter besonderer Berücksichtigung der neueren Rechtsprechung des EuGH /$rEgils Levits --$tLes droits sociaux des "étrangers communautaires" /$rSophie Robin-Olivier --$tLe droit d'asile dans la Charte des droits fondamentaux de l'Union européenne: un droit social sui generis? /$rDimitrios Gratsias --$tDie sozialrechtliche Dimension der Europäischen Menschenrechtskonvention in der Rechtsprechung des Europäischen Gerichtshofs für Menschenrechte /$rJulia Iliopoulos-Strangas --$tThe European welfare state and the European Social Charter /$rBirgitta Nyström --$tThe welfare state in times of crisis: threat to the rule of law? /$rVerica Trstenjak --$tL'acquis social: quelle(s) protection(s) juridique(s)? /$rIsabelle Hachez --$tDer Staatsrat zwischen dem Verfassungsmodell des Sozialstaats und dem politischen Einwand: "Wer nichts hat, kann nichts geben" /$rSotirios Al. Rizos --$tSozialstaat und Globalisierung: Herausforderung für Demokratie und Rechtsstaat /$rMichael Potacs --$tConcluding remarks /$rDavid Edward.
=546  \\$aIn German, with contributions in English and French.
=650  \0$aPublic welfare$zEurope$vCongresses.
=650  \0$aWelfare state$zEurope$vCongresses.
=651  \0$aEurope$xSocial policy$vCongresses.
=650  \7$aPublic welfare.$2fast$0(OCoLC)fst01083250
=650  \7$aSocial policy.$2fast$0(OCoLC)fst01122738
=650  \7$aWelfare state.$2fast$0(OCoLC)fst01173685
=651  \7$aEurope.$2fast$0(OCoLC)fst01245064
=655  \7$aConference papers and proceedings.$2fast$0(OCoLC)fst01423772
=776  0\$z9783845272481
=776  0\$w(GyWOH)har165009033
=830  \0$aSIPE (Series) ;$vBd. 10.
=938  \\$aBaker and Taylor$bBTCP$nBK0018400871
=938  \\$aOtto Harrassowitz$bHARR$nhar150469106
=938  \\$aYBP Library Services$bYANK$n12849234
=994  \\$a93$bNLVRD
=994  \\$cDELETED$bNLVRD$dRemoved from collection customer.57439.40

