=LDR  02721dam a2200637Ii 4500
=001  ocn949849588
=003  OCoLC
=005  20200523093732.5
=008  160513t20162016gw\\\\\\\b\\\\000\0\ger\d
=040  \\$aOHX$beng$erda$cOHX$dOCLCO$dPLL$dOCLCO$dYDXCP$dBTCTA$dOCLCQ$dOCLCO$dOCLCA$dOCLCF$dNLGGC
=016  7\$a1077571976$2DE-101
=019  \\$a939715368
=020  \\$a9783847105312$q(hd. bd.)
=020  \\$a3847105310$q(hd. bd.)
=020  \\$z9783847005315$q(E-book)
=020  \\$z9783737005319$q(v. & R eLibrary)
=024  3\$a9783847105312
=029  1\$aNLGGC$b418415722
=035  \\$a(OCoLC)949849588$z(OCoLC)939715368
=041  0\$ager$alat
=043  \\$ae------
=050  \4$aKZ1329.8.P3$bS348 2016
=049  \\$aNLVA
=100  1\$aSchusterová, Magda,$eauthor.
=245  14$aDer Friedensvertrag Georgs von Podiebrad von 1464 vor dem Hintergrund der spätmittelalterlichen Vertragspraxis /$cMagda Schusterová.
=264  \1$aGöttingen :$bV & R Unipress, Universitätsverlag Osnabrück,$c[2016]
=264  \4$c©2016
=300  \\$a232 pages ;$c24 cm.
=336  \\$atext$btxt$2rdacontent
=337  \\$aunmediated$bn$2rdamedia
=338  \\$avolume$bnc$2rdacarrier
=490  1\$aOsnabrücker Schriften zur Rechtsgeschichte ;$vBand 17
=490  1\$aV & R Academic
=500  \\$aOriginally presented as the author's thesis (doctoral) - Universität Osnabrück, 2015.
=546  \\$aIncludes text of the treaty in Latin.
=504  \\$aIncludes bibliographical references (pages 205-232).
=610  10$aBohemia (Kingdom).$bSovereign (1458-1471 : Jiří).$tTractatus pacis toti christianitati fiendae.
=600  00$aJiří,$cz Poděbrad, King of Bohemia,$d1420-1471.
=600  07$aJiří,$cz Poděbrad, King of Bohemia,$d1420-1471.$2fast$0(OCoLC)fst00097762
=610  24$aBohemia (Kingdom).$bSovereign (1458-1471 : Jiří)
=650  \0$aPeace treaties$xHistory$yTo 1500.
=650  \0$aInternational organization$xHistory$yTo 1500.
=650  \7$aInternational organization.$2fast$0(OCoLC)fst00977038
=650  \7$aPeace treaties.$2fast$0(OCoLC)fst01055899
=648  \7$aTo 1500$2fast
=655  \7$aHistory.$2fast$0(OCoLC)fst01411628
=710  12$aBohemia (Kingdom).$bSovereign (1458-1471 : Jiří).$tTractatus pacis toti christianitati fiendae.
=776  0\$z9783847005315
=776  0\$w(GyWOH)har165010305
=830  \0$aOsnabrücker Schriften zur Rechtsgeschichte ;$vBd. 17.
=830  \0$aV & R academic.
=938  \\$aBaker and Taylor$bBTCP$nBK0018400818
=938  \\$aOtto Harrassowitz$bHARR$nhar150422855
=938  \\$aYBP Library Services$bYANK$n12849205
=994  \\$a93$bNLVRD
=994  \\$cDELETED$bNLVRD$dRemoved from collection customer.57439.40

