=LDR  05539dam a2200841 i 4500
=001  ocn951190364
=003  OCoLC
=005  20200523094808.1
=008  160531s2017\\\\enk\\\\\\b\\\\001\0\eng\\
=010  \\$a  2016015472
=040  \\$aDLC$beng$erda$cDLC$dYDXCP$dBTCTA$dBDX$dYDX$dCHVBK$dJ2H$dOCLCO$dRCJ$dNLE$dOCLCQ$dOCLCF$dOCLCO$dZAPSP$dCEF$dTKN$dOCLCQ$dOCLCO$dUKMGB$dOCLCA$dUKUOY$dKIJ$dOCLCQ$dU9X
=015  \\$aGBB6A9588$2bnb
=016  7\$a017968319$2Uk
=019  \\$a970657865$a970734093$a970803518$a980365469
=020  \\$a9781107062856$q(hardback)
=020  \\$a1107062853$q(hardback)
=020  \\$a9781107645080$q(paperback)
=020  \\$a1107645085$q(paperback)
=020  \\$z9781107477568 (ebk.)
=029  1\$aAU@$b000057582541
=029  1\$aCHBIS$b010926796
=029  1\$aCHDSB$b006625200
=029  1\$aCHVBK$b368798267
=029  1\$aCHVBK$b491673604
=029  1\$aNLGGC$b418129118
=029  1\$aCHVBK$b519831373
=029  1\$aCHNEW$b001015008
=029  1\$aUKMGB$b017968319
=035  \\$a(OCoLC)951190364$z(OCoLC)970657865$z(OCoLC)970734093$z(OCoLC)970803518$z(OCoLC)980365469
=042  \\$apcc
=050  00$aJZ1308$b.I585 2017
=082  00$a320.54/8$223
=084  \\$aHIS037000$2bisacsh
=084  \\$aJE 2200 INT.$2uk-btusl
=049  \\$aNLVA
=245  00$aInternationalisms :$ba twentieth-century history /$cedited by Glenda Sluga, University of Sydney, Patricia Clavin, University of Oxford.
=264  \1$aCambridge, United Kingdom ;$aNew York, New York :$bCambridge University Press,$c2017.
=264  \4$c©2017
=300  \\$axiv, 372 pages ;$c23 cm
=336  \\$atext$btxt$2rdacontent
=337  \\$aunmediated$bn$2rdamedia
=338  \\$avolume$bnc$2rdacarrier
=520  2\$a"At the turn of the twenty-first century, historical studies of internationalism--above and beyond the call to the workers of the world to unite--have become the norm in a relatively short space of time. This shift has occurred in the context of a historical vogue for 'transnationalism, ' that is, capturing experiences that traversed and transcended the borders of nation-states both within and beyond the European world. The work of the diplomatic historian Akira Iriye has been central to these developments, illuminating the traces of a distinctively twentieth century history of 'cultural internationalism' that resonated through the realms of politics. Following in the footsteps of Iriye and others--including feminist and pacifist historians who had long engaged the internationalist past--a new cohort of international historians, often sensitive to cultural analyses and with expertise in imperial and transnational as well as national histories, are now accruing broad-ranging evidence of the geographies of internationalism and the political and economic reach of its various strands at critical moments in the twentieth century"--$cProvided by publisher.
=504  \\$aIncludes bibliographical references and index.
=505  0\$aForeword / Akira Iriye -- Rethinking the history of internationalism / Sluga and Clavin -- Part I: Inventing Twentieth Century Internationalisms -- Religious Internationalisms / Abigail Green -- The Fate of Socialist Internationalism / Patrizia Dogliani -- Women, Feminisms, and Twentieth-Century Internationalisms / Glenda Sluga -- Men and Markets : Global Capital and the International Economy / Patricia Clavin -- Part II: States of Internationalism -- Empires, States and the League of Nations / Susan Pedersen -- The League of Nations, Disarmament and Internationalism / Andrew Webster -- National Internationalism in Japan and China / Liang Pan -- Fascist Internationalism / Madeleine Herren -- Socialist Internationalism after 1914 / Talbot Imlay -- Part III: The Politics of Internationalism -- Internationalizing Health / Sunil Amrith -- New Subjects in International Law and Order / Natasha Wheatley -- The Internationalism of Human Rights / Roland Burke -- Indigenous Internationalism / Hanne Hagtvedt Vik -- Cold War Internationalism / Sandrine Kott.
=610  27$aInternationalismus$gFirma$2gnd
=650  \0$aInternationalism$xHistory$y20th century.
=650  \0$aInternationalism$xPolitical aspects$xHistory$y20th century.
=650  \0$aInternationalism$xEconomic aspects$xHistory$y20th century.
=650  \0$aCultural relations$xHistory$y20th century.
=650  \0$aTransnationalism$xHistory$y20th century.
=650  \0$aImperialism$xHistory$y20th century.
=650  \0$aNationalism$xHistory$y20th century.
=650  \0$aWorld politics$y20th century.
=650  \0$aInternational relations$xHistory$y20th century.
=650  \7$aHISTORY$xWorld.$2bisacsh
=650  \7$aCultural relations.$2fast$0(OCoLC)fst00885050
=650  \7$aImperialism.$2fast$0(OCoLC)fst00968126
=650  \7$aInternational relations.$2fast$0(OCoLC)fst00977053
=650  \7$aInternationalism.$2fast$0(OCoLC)fst00977173
=650  \7$aNationalism.$2fast$0(OCoLC)fst01033832
=650  \7$aTransnationalism.$2fast$0(OCoLC)fst01154884
=650  \7$aWorld politics.$2fast$0(OCoLC)fst01181381
=648  \7$a1900-1999$2fast
=655  \7$aHistory.$2fast$0(OCoLC)fst01411628
=700  1\$aSluga, Glenda,$d1962-$eeditor.
=700  1\$aClavin, Patricia,$eeditor.
=938  \\$aBrodart$bBROD$n118470779
=938  \\$aBaker and Taylor$bBTCP$nBK0019042198
=938  \\$aYBP Library Services$bYANK$n13034479
=938  \\$aYBP Library Services$bYANK$n13034485
=994  \\$a93$bNLVRD
=994  \\$cDELETED$bNLVRD$dRemoved from collection customer.57439.40

