=LDR  00914dam a2200277Mi 4500
=001  ocn951540607
=003  OCoLC
=005  20200523093248.4
=008  081016s2012\\\\enk\\\\\\\\\\\000\0\eng\d
=040  \\$aNLGGC$bdut$efobidrtb$cNLGGC$dOCLCQ
=020  \\$a9781845116750$q(hbk.)
=020  \\$a1845116755$q(hbk.)
=020  \\$a9781845116767$q(pbk.)
=020  \\$a1845116763$q(pbk.)
=029  0\$aNLGGC$b314860487
=035  \\$a(OCoLC)951540607
=049  \\$aNLVA
=100  1\$aProvost-Smith, Patrick.
=245  10$aHoly war, just war :$bearly modern Christianity, religious ethics and the rhetoric of empire /$cPatrick Provost-Smith.
=260  \\$aLondon :$bTauris,$c2012.
=300  \\$a256 p. ;$c24 cm
=336  \\$atekst$btxt$2rdacontent/dut
=337  \\$azonder medium$bn$2rdamedia/dut
=338  \\$aband$bnc$2rdacarrier/dut
=994  \\$a93$bNLVRD
=994  \\$cDELETED$bNLVRD$dRemoved from collection customer.57439.40

