=LDR  03643dam a2200625 i 4500
=001  ocn959698854
=003  OCoLC
=005  20200523091706.5
=008  160414s2016\\\\ru\\\\\\\b\\\\000\0\rus\\
=010  \\$a  2016425156
=040  \\$aDLC$beng$erda$cDLC$dOCLCO$dOSU$dOCLCO$dOCLCF$dIUL$dOCLCA$dUKMGB$dOCLCQ
=066  \\$c(N
=016  7\$a017987427$2Uk
=020  \\$a9785421101581$q(paperback)
=020  \\$a5421101584$q(paperback)
=029  1\$aNLGGC$b402190122
=029  1\$aUKMGB$b017987427
=035  \\$a(OCoLC)959698854
=041  0\$arus$beng
=042  \\$apcc
=043  \\$ae-ru---
=050  00$aK3247$b.S65 2016
=049  \\$aNLVA
=100  1\$6880-01$aSokolovskiĭ, S. V.,$eauthor.
=245  10$6880-02$aPolitika priznanii︠a︡ korennykh narodov v mezhdunarodnom prave i v zakonodatelʹstve Rossiĭskoĭ Federat︠s︡ii /$cS.V. Sokolovskiĭ.
=246  1\$iTitle on page 3:$aRecognition policy of indigenous peoples in International Law and Russian legislation
=264  \1$6880-03$aMoskva :$bIĖA RAN,$c2016.
=264  \4$c©2016
=300  \\$a69 pages ;$c25 cm
=336  \\$atext$btxt$2rdacontent
=337  \\$aunmediated$bn$2rdamedia
=338  \\$avolume$bnc$2rdacarrier
=490  1\$6880-04$aIssledovanii︠a︡ po prikladnoĭ i neotlozhnoĭ ėtnologii ;$vno. 250
=546  \\$aSummary also in English.
=500  \\$6880-05$aAt head of title: Institut ėtnologii i antropologii RAN
=500  \\$6880-06$a"Otchet podgotovlen po zakazu Administrat︠s︡ii Prezidenta Rossiĭskoĭ Federat︠s︡ii i vypolnen pri podderzhke Rossiĭskogo nauchnogo fonda, grant no. 15-18-00099."
=504  \\$aIncludes bibliographical references (page 64).
=650  \0$aIndigenous peoples (International law)
=650  \0$aIndigenous peoples$xLegal status, laws, etc.
=650  \0$aIndigenous peoples$xLegal status, laws, etc.$zRussia (Federation)
=650  \7$aIndigenous peoples (International law)$2fast$0(OCoLC)fst01737039
=650  \7$aIndigenous peoples$xLegal status, laws, etc.$2fast$0(OCoLC)fst00970247
=651  \7$aRussia (Federation)$2fast$0(OCoLC)fst01262050
=710  2\$6880-07$aInstitut ėtnologii i antropologii im. N.N. Miklukho-Maklai︠a︡,$eissuing body.
=830  \0$6880-08$aIssledovanii︠a︡ po prikladnoĭ i neotlozhnoĭ ėtnologii ;$vdokument no. 250.
=880  1\$6100-01/(N$aСоколовский, С. В.,$eauthor.
=880  10$6245-02/(N$aПолитика признания коренных народов в международном праве и в законодательстве Российской Федерации /$cС.В. Соколовский.
=880  \1$6264-03/(N$aМосква :$bИЭА РАН,$c2016.
=880  1\$6490-04/(N$aИсследования по прикладной и неотложной этнологии ;$vno. 250
=880  \\$6500-05/(N$aAt head of title: Институт этнологии и антропологии РАН
=880  \\$6500-06/(N$a"Отчет подготовлен по заказу Администрации Президента Российской Федерации и выполнен при поддержке Российского научного фонда, грант no. 15-18-00099."
=880  2\$6710-07/(N$aИнститут этнологии и антропологии им. Н.Н. Миклухо-Маклая,$eissuing body.
=880  \0$6830-08/(N$aИсследования по прикладной и неотложной этнологии ;$vдокумент no. 250.
=994  \\$a93$bNLVRD
=994  \\$cDELETED$bNLVRD$dRemoved from collection customer.57439.40

