=LDR  03694dam a2200613 i 4500
=001  ocn968309216
=003  OCoLC
=005  20200523093012.3
=008  180322t20182018enka\\\\\b\\\\001\0\eng\c
=010  \\$a  2018285000
=040  \\$aYDX$beng$erda$cDLC$dCDX$dEUM$dUAB$dOCLCF$dHTM$dYDX$dDLC$dOCL$dCOD$dOBE$dRIU$dUKMGB$dCUI$dOCL$dTEU
=015  \\$aGBB8M1079$2bnb
=016  7\$a018726377$2Uk
=019  \\$a1016895383
=020  \\$a9781784780852$qhardback
=020  \\$a1784780855$qhardback
=020  \\$z9781784780869$qUS electronic book
=020  \\$z9781784780876$qUK electronic book
=020  \\$a1784780863
=020  \\$a9781784780869
=020  \\$a1784780871
=020  \\$a9781784780876
=029  1\$aAU@$b000061891862
=029  1\$aNLGGC$b418156220
=029  1\$aUKMGB$b018726377
=035  \\$a(OCoLC)968309216$z(OCoLC)1016895383
=042  \\$alccopycat$apcc
=050  00$aJA85$b.A73 2018
=082  04$a320.01/4$223
=049  \\$aNLVA
=100  1\$aApter, Emily S.,$d1954-$eauthor.
=245  10$aUnexceptional politics :$bon obstruction, impasse, and the impolitic /$cEmily Apter.
=264  \1$aLondon ;$aBrooklyn, NY :$bVerso,$c2018
=264  \4$c©2018
=300  \\$a282 pages :$billustrations ;$c25 cm
=336  \\$atext$btxt$2rdacontent
=337  \\$aunmediated$bn$2rdamedia
=338  \\$avolume$bnc$2rdacarrier
=504  \\$aIncludes bibliographical references and index.
=505  00$gI.$tResistant to political theory --$gII.$tScenes of obstruction --$gIII.$tPolitical fictions --$gIV.$tEconomies of existence.
=520  0\$a"One way to grasp the nature of politics is to understand the key terms in which it is discussed. Unexceptional Politics develops a political vocabulary drawn from a wide range of media (political fiction, art, film, and TV), highlighting the scams, imbroglios, information trafficking, brinkmanship, and parliamentary procedures that obstruct and block progressive politics. The book reviews and renews modes of thinking about micropolitics that counter notions of the "state of exception" embedded in theories of the "political" from Thomas Hobbes to Carl Schmitt. Emily Apter develops a critical model of politics behind the scenes, a politics that operates outside the norms of classical political theory. She focuses on micropolitics, defined as small events, happening in series, that often pass unnoticed yet disturb and interfere with the institutional structures of capitalist parliamentary systems, even as they secure their reproduction and longevity. Apter's experimental glossary is arranged under headings that look at the apparently incidental, immaterial, and increasingly virtual practices of politicking: "obstruction," "obstinacy," "psychopolitics," "managed life," "serial politics." Such terms frame an argument for taking stock of the realization that we really do not know what politics is, where it begins and ends, or how its micro-events should be described." --$cProvided by publisher.
=650  \0$aPolitical science.
=650  \0$aCommunication in politics.
=650  \0$aPolitical science$xTerminology.
=650  \7$aCommunication in politics.$2fast$0(OCoLC)fst00870243
=650  \7$aPolitical science.$2fast$0(OCoLC)fst01069781
=650  \7$aPolitical science$xTerminology.$2fast$0(OCoLC)fst01069846
=655  \7$aTerminology.$2fast$0(OCoLC)fst01423880
=655  \7$aDictionaries.$2lcgft$0http://id.loc.gov/authorities/genreForms/gf2014026086
=938  \\$aBaker and Taylor$bBTCP$nBK0020081048
=938  \\$aYBP Library Services$bYANK$n13326763
=938  \\$aBrodart$bBROD$n118983474
=994  \\$a93$bNLVRD
=994  \\$cDELETED$bNLVRD$dRemoved from collection customer.57439.40

