=LDR  01956dam a2200457 i 4500
=001  ocn971130282
=003  OCoLC
=005  20200523092435.1
=008  160405s2016\\\\un\a\\\\\\\\\\000\0arus\\
=010  \\$a  2016413337
=040  \\$aDLC$beng$erda$cDLC$dOCLCO$dOCLCF$dOCLCQ$dOCL
=066  \\$c(N$c(Q
=020  \\$a9789662610673
=020  \\$a9662610677
=029  1\$aNLGGC$b402021029
=035  \\$a(OCoLC)971130282
=042  \\$apcc
=043  \\$ae-un---
=050  00$aDK508.852$b.P68 2016
=049  \\$aNLVA
=100  1\$6880-01$aPozyvnoĭ "Krym."
=245  10$aAzovskie vospominanii︠a︡ :$bavtobiograficheskiĭ rasskaz /$cPozyvnoĭ "Krym" ; redaktory: Mykola Kravchenko, Mark Melʹnyk.
=246  1\$6880-02$iTitle in colophon:$aAzovsʹki spohady :$bavtobiohrafichna opovidʹ
=264  \1$aMena :$bDominant,$c2016.
=300  \\$a33 pages :$bcolor illustrations ;$c21 cm
=336  \\$atext$btxt$2rdacontent
=337  \\$aunmediated$bn$2rdamedia
=338  \\$avolume$bnc$2rdacarrier
=650  \0$aUkraine Conflict, 2014-$vPersonal narratives, Ukrainian.
=647  \7$aUkraine Conflict$d(2014-)$2fast$0(OCoLC)fst01921502
=648  \7$a2014$2fast
=655  \7$aPersonal narratives$vUkrainian.$2fast$0(OCoLC)fst01424181
=700  1\$6880-03$aKravchenko, Mykola,$d1983-$eeditor.
=700  1\$6880-04$aMelʹnyk, Mark,$eeditor.
=880  0\$6100-01/(N$aПозывной "Крым."
=880  10$6246-00/(N$aАзовские воспоминия автобиграфический рассказ = Азовські спогади :$bавтобіографічна оповідь
=880  1\$6246-02/(N$iTitle in colophon:$aАзовські спогади :$bавтобіографічна оповідь
=880  1\$6700-03/(N$aКравченко, Микола,$d1983-$eeditor.
=880  1\$6700-04/(N$aМельник, Марк,$eeditor.
=994  \\$a93$bNLVRD
=994  \\$cDELETED$bNLVRD$dRemoved from collection customer.57439.40

