=LDR  03038dam a2200565 i 4500
=001  ocn978484627
=003  OCoLC
=005  20200523092839.6
=008  161021t20172017ctua\\\\\b\\\\001\0\eng\d
=010  \\$a  2016957556
=040  \\$aYDX$beng$erda$cDLC$dIDU$dVA@$dOCLCF$dCDN$dIAI$dHTM$dGUA$dZEM$dCOD$dYDX$dVTU$dL2U$dZLM$dOCLCQ$dUKMGB
=015  \\$aGBB7O0878$2bnb
=016  7\$a018644536$2Uk
=019  \\$a978291332
=020  \\$a0300197098$q(hardcover)
=020  \\$a9780300197099$q(hardcover)
=024  8\$a40027414491
=029  1\$aNLGGC$b418228620
=029  1\$aUKMGB$b018644536
=035  \\$a(OCoLC)978484627$z(OCoLC)978291332
=042  \\$alccopycat
=050  00$aJA74.5$b.S62 2017
=082  04$a320.019$223
=049  \\$aNLVA
=100  1\$aSniderman, Paul M.,$eauthor.
=245  14$aThe democratic faith :$bessays on democratic citizenship /$cPaul M. Sniderman.
=264  \1$aNew Haven :$bYale University Press,$c[2017]
=264  \4$c©2017
=300  \\$axi, 185 pages :$billustrations ;$c22 cm.
=336  \\$atext$btxt$2rdacontent
=337  \\$aunmediated$bn$2rdamedia
=338  \\$avolume$bnc$2rdacarrier
=490  1\$aThe Castle lectures in ethics, politics, and economics
=504  \\$aIncludes bibliographical references (pages 165-179) and index.
=505  0\$aPrologue -- Preference reversals : a theory of conversational logic -- An ecological theory of ideological consistency -- Myrdal's insight : the politics of race -- The fear of mass politics -- Epilogue -- Appendix : summary of replication.
=520  \\$a"Contemporary political science has concentrated on cataloguing voters' failings--their lack of knowledge, tolerance, or consistency in political thinking. While it would be a mistake to think this portrait of citizens is simply wrong, it is a deeper mistake to accept it as a satisfactory likeness. In this book, Paul Sniderman demonstrates that a concentration on the pathologies of citizens' political thinking has obscured the intense clash of opposing belief systems in the electorate. He shows how a concentration on racism has distorted understanding of the politics of race by keeping out of sight those who think well of black Americans. And he exposes the fallacy of spotlighting the dangers of mass politics while ignoring those of elite politics."--Provided by the publisher.
=650  \0$aPolitical psychology.
=650  \0$aDemocracy.
=650  \0$aCitizenship.
=650  \7$a89.35 democracy.$0(NL-LeOCL)077608909$2bcl
=650  \7$a08.45 political philosophy.$0(NL-LeOCL)077593537$2bcl
=650  \7$aCitizenship.$2fast$0(OCoLC)fst00861909
=650  \7$aDemocracy.$2fast$0(OCoLC)fst00890077
=650  \7$aPolitical psychology.$2fast$0(OCoLC)fst01069667
=830  \0$aCastle lectures in ethics, politics, and economics.
=938  \\$aBrodart$bBROD$n119494337
=938  \\$aBaker and Taylor$bBTCP$nBK0020497075
=938  \\$aYBP Library Services$bYANK$n13737135
=994  \\$a93$bNLVRD
=994  \\$cDELETED$bNLVRD$dRemoved from collection customer.57439.40

