=LDR  02955dam a2200529 i 4500
=001  ocn995294290
=003  OCoLC
=005  20200523093704.7
=008  170801s2018\\\\enka\\\\\\\\\\000\0\eng\\
=010  \\$a  2017433638
=040  \\$aDLC$beng$erda$cDLC$dSINLB$dOCLCF$dEYM$dYDX$dHLS$dCNWPU$dUKMGB$dNZAUC
=015  \\$aGBB7K9261$2bnb
=016  7\$a018589176$2Uk
=020  \\$a0241309255
=020  \\$a9780241309254
=020  \\$z9780241309261 (ePub ebook)
=029  1\$aAU@$b000061568505
=029  1\$aUNITY$b141638893
=029  1\$aNLGGC$b41822837X
=029  1\$aUKMGB$b018589176
=035  \\$a(OCoLC)995294290
=042  \\$apcc
=043  \\$ame-----
=050  00$aDS33.4.E85$bM33 2018
=082  04$a327.5$223
=049  \\$aNLVA
=100  1\$aMaçães, Bruno,$eauthor.
=245  14$aThe dawn Of Eurasia :$bon the trail of the new world order /$cBruno Maçães.
=264  \1$a[London] :$bAllen Lane,$c2018.
=300  \\$axix, 281 pages :$billustrations ;$c25 cm
=336  \\$atext$btxt$2rdacontent
=337  \\$aunmediated$bn$2rdamedia
=338  \\$avolume$bnc$2rdacarrier
=504  \\$aIncludes bibliographical references and index.
=520  \\$aThe authors argues that the best word for the emerging global order is 'Eurasian', and shows why we need to begin thinking on a super-continental scale. While China and Russia have been quicker to recognise the increasing strategic significance of Eurasia, even Europeans are realising that their political project is intimately linked to the rest of the supercontinent - and as Ma??es shows, they will be stronger for it. Weaving together history, diplomacy and vivid reports from his six-month overland journey across Eurasia from Baku to Samarkand, Vladivostock to Beijing, Ma??es provides a fascinating portrait of this shifting geopolitical landscape. As he demonstrates, we can already see the coming Eurasianism in China's bold infrastructure project reopening the historic Silk Road, in the success of cities like Hong Kong and Singapore, in Turkey's increasing global role and in the fact that, revealingly, the United States is redefining its place as between Europe and Asia.
=505  0\$aThe map. The myth of separation -- Competitive integration -- The new Eurasian supercontinent -- The journey. The search for the centre -- Chinese dreams -- The island -- Russia turns east -- Eurasia tunnel -- The European peninsula -- Epilogue.
=650  \0$aGeopolitics$zEurasia.
=651  \0$aEurasia$xHistory.
=651  \0$aEurasia$xPolitics and government.
=650  \7$aGeopolitics.$2fast$0(OCoLC)fst00941045
=650  \7$aPolitics and government.$2fast$0(OCoLC)fst01919741
=651  \7$aEurasia.$2fast$0(OCoLC)fst01245058
=655  \7$aHistory.$2fast$0(OCoLC)fst01411628
=776  08$iebook version :$z9780241309261
=938  \\$aYBP Library Services$bYANK$n14714469
=994  \\$a93$bNLVRD
=994  \\$cDELETED$bNLVRD$dRemoved from collection customer.57439.40

