=LDR  04037dam a2200697 i 4500
=001  on1020580016
=003  OCoLC
=005  20200523094201.1
=008  180131t20182018enkabf\\\b\\\\001\0\eng\c
=010  \\$a  2018410804
=040  \\$aYDX$beng$erda$cYDX$dOCLCF$dL2U$dOCLCO$dEQO$dOCLCA$dCHVBK$dOCLCO$dHTM$dMEAUC$dBTS$dUAB$dMEAUC$dFIE$dUKMGB$dOCLCA$dDLC$dLPU$dOBE$dCUY$dBUR$dOCL$dOCLCA$dOCLCQ$dT2G
=015  \\$aGBB860977$2bnb
=016  7\$a018813776$2Uk
=020  \\$a178831199X$qhardback
=020  \\$a9781788311991$qhardback
=020  \\$z9781786723710 (ebook)
=020  \\$z9781786733719 (ePDF)
=029  1\$aNLGGC$b418227845
=029  1\$aCHVBK$b512992843
=029  1\$aCHDSB$b006800326
=029  1\$aAU@$b000064326289
=029  1\$aUKMGB$b018813776
=029  1\$aCHVBK$b550196838
=029  1\$aCHBIS$b011303831
=029  1\$aCHVBK$b556473043
=029  1\$aCHNEW$b001035672
=029  1\$aAU@$b000064526529
=035  \\$a(OCoLC)1020580016
=042  \\$apcc
=043  \\$aa-tu---
=050  00$aDR435.A7$bH335 2018
=082  04$a956.100491992$223
=049  \\$aNLVA
=100  1\$aHadjian, Avedis,$eauthor.
=245  10$aSecret nation :$bthe hidden Armenians of Turkey /$cAvedis Hadjian.
=264  \1$aLondon ;$aNew York :$bI.B. Tauris,$c2018.
=264  \4$c©2018
=300  \\$axvii, 570 pages, 4 unnumbered pages of plates :$bcolor illustrations, maps ;$c25 cm
=336  \\$atext$btxt$2rdacontent
=336  \\$astill image$bsti$2rdacontent
=336  \\$acartographic image$bcri$2rdacontent
=337  \\$aunmediated$bn$2rdamedia
=338  \\$avolume$bnc$2rdacarrier
=504  \\$aIncludes bibliographical references (pages 543-556) and index.
=520  \\$a"It has long been assumed that no Armenian presence remained in eastern Turkey after the 1915 massacres. As a result of what has come to be called the Armenian Genocide, those who survived in Anatolia were assimilated as Muslims, with most losing all traces of their Christian identity. In fact, some did survive and together with their children managed during the last century to conceal their origins. Many of these survivors were orphans, adopted by Turks, only discovering their "true" identity late into their adult lives. Outwardly, they are Turks or Kurds and while some are practising Muslims, others continue to uphold Christian and Armenian traditions behind closed doors. ln recent years, a growing number of "secret Armenians" have begun to emerge from the shadows. Spurred by the bold voices of journalists like Hrant Dink, the Armenian newspaper editor murdered in Istanbul in 2007, the pull towards freedom of speech and soul-searching is taking hold across the region. Avedis Hadjian has traveled to the towns and villages once densely populated by Armenians, recording stories of survival and discovery from those who remain in a region that is deemed unsafe for the people who once lived there. This book takes the reader to the heart of these hidden communities for the first time, unearthing their unique heritage and identity. Revealing the lives of a people that have been trapped in a history of denial for more than a century, Secret Nation is essential reading for anyone with an interest in the aftermath of the Armenian Genocide in the very places where the events occurred." --$cDust jacket.
=650  \0$aArmenians$zTurkey$xHistory$y20th century.
=650  \0$aGenocide$zTurkey$y20th century.
=650  \7$a15.75 history of Asia.$0(NL-LeOCL)077599616$2bcl
=650  \7$aGenocide.$2fast$0(OCoLC)fst00940208
=650  \7$aArmenians.$2fast$0(OCoLC)fst00814767
=651  \7$aTurkey.$2fast$0(OCoLC)fst01208963
=650  \7$aArmenier$2gnd
=651  \7$aOsmanisches Reich$2gnd
=651  \7$aTürkei$2gnd
=651  \7$aTurkey.$0(NL-LeOCL)078695945$2gtt
=648  \7$a1900-1999$2fast
=655  \7$aHistory.$2fast$0(OCoLC)fst01411628
=655  \7$aHistory.$2lcgft
=938  \\$aBrodart$bBROD$n121549585
=994  \\$a93$bNLVRD
=994  \\$cDELETED$bNLVRD$dRemoved from collection customer.57439.40

