=LDR  00654dtm a2200217Mi 4500
=001  on1040692235
=003  OCoLC
=005  20200523091814.3
=008  180618s2017\\\\xx\\\\\\\m\\\u000\0\eng\d
=040  \\$aNLGGC$beng$erda$cNLGGC
=029  0\$aNLGGC$b418415692
=035  \\$a(OCoLC)1040692235
=049  \\$aNLVA
=245  00$aTransnational law making coalitions for human rights /$cvon Nina Reiners.
=260  \\$aPotsdam,$c2017.
=300  \\$avi, 222 pages ;$ccm.
=336  \\$atext$btxt$2rdacontent
=337  \\$aunmediated$bn$2rdamedia
=338  \\$avolume$bnc$2rdacarrier
=994  \\$a93$bNLVRD
=994  \\$cDELETED$bNLVRD$dRemoved from collection customer.57439.40

