=LDR  01985dam a2200301M  4500
=001  on1051751109
=003  OCoLC
=005  20200523094714.1
=008  180907s2018\\\\ctu\\\\\\\\\\\000\0\eng\d
=040  \\$aERASA$beng$cERASA$dOCLCQ
=020  \\$a9780300234954
=020  \\$a0300234953
=029  1\$aNLGGC$b418228434
=035  \\$a(OCoLC)1051751109
=050  \4$aD652
=082  04$a940.5
=049  \\$aNLVA
=100  1\$aElliott, John H.
=245  10$aScots and Catalans. Union and disunion.$cJohn H. Elliott.
=260  \\$aNew Haven :$bYale University Press$c2018.
=300  \\$a360 pages
=336  \\$atext$btxt$2rdacontent
=337  \\$aunmediated$bn$2rdamedia
=338  \\$avolume$bnc$2rdacarrier
=520  8\$aA distinguished historian of Spain and Europe provides an enlightening account of the development of nationalist and separatist movements in contemporary Catalonia and Scotland. This first sustained comparative study uncovers the similarities and the contrasts between the Scottish and Catalan experiences across a five-hundred-year period, beginning with the royal marriages that brought about union with their more powerful neighbors, England and Castile respectively, and following the story through the centuries from the end of the Middle Ages until today's dramatic events. J.H. Elliott examines the political, economic, social, cultural, and emotional factors that divide Scots and Catalans from the larger nations to which their fortunes were joined. He offers new insights into the highly topical subject of the character and development of European nationalism, the nature of separatism, and the sense of grievance underlying the secessionist aspirations that led to the Scottish referendum of 2014, the illegal Catalan referendum of October 2017, and the resulting proclamation of an independent Catalan republic.
=938  \\$aErasmus Boekhandel$bERAA$nNTS0000291190
=994  \\$a93$bNLVRD
=994  \\$cDELETED$bNLVRD$dRemoved from collection customer.57439.40

