=LDR  00946dam a2200289Mi 4500
=001  on1056527532
=003  OCoLC
=005  20200523094858.7
=008  180829s2018\\\\ctua\\\f\\\\\\000\0\eng\d
=040  \\$aUEJ$beng$cUEJ$dOCLCQ
=020  \\$a9780300226041$q(Cloth)
=020  \\$a0300226047$q(Cloth)
=027  \\$q(Coutts)039052426
=029  1\$aNLGGC$b418228523
=035  \\$a(OCoLC)1056527532
=050  \4$aDS804.348
=082  04$a940.5/318/072$223
=049  \\$aNLVA
=100  1\$aPollin-Galay, Hannah,$eauthor.
=245  10$aEcologies of witnessing :$blanguage, place, and Holocaust testimony /$cHannah Pollin-Galay.
=264  \1$aNew Haven :$bYale University Press,$c2018.
=300  \\$a352 pages :$billustrations (black and white) ;$c24 cm
=336  \\$atext$btxt$2rdacontent
=337  \\$aunmediated$bn$2rdamedia
=338  \\$avolume$bnc$2rdacarrier
=994  \\$a93$bNLVRD
=994  \\$cDELETED$bNLVRD$dRemoved from collection customer.57439.40

