=LDR  00973dam a2200313Mi 4500
=001  on1057308436
=003  OCoLC
=005  20200523092520.9
=008  070829s2007\\\\xx\\\\\\\\\\\\000\0\und\d
=040  \\$aNLGGC$bdut$efobidrtb$cNLGGC
=020  \\$a9780333969090$q(hbk)
=020  \\$a033396909X
=020  \\$a9780333969106$q(pbk)
=020  \\$a0333969103
=029  0\$aNLGGC$b304170224
=035  \\$a(OCoLC)1057308436
=084  \\$a89.70$2bcl
=049  \\$aNLVA
=100  1\$aVogler, John.
=245  14$aThe external policies of the European Union /$cJohn Vogler, Richard G. Whitman, Charlotte Bretherton.
=260  \\$aBasingstoke :$bPalgrave,$c2007.
=300  \\$a288 p. ;$c22 cm.
=336  \\$atekst$btxt$2rdacontent/dut
=337  \\$azonder medium$bn$2rdamedia/dut
=338  \\$aband$bnc$2rdacarrier/dut
=700  1\$aWhitman, Richard G.
=700  1\$aBretherton, Charlotte.
=994  \\$a93$bNLVRD
=994  \\$cDELETED$bNLVRD$dRemoved from collection customer.57439.40

