=LDR  00710dam a2200253Mi 4500
=001  on1057308583
=003  OCoLC
=005  20200523092520.9
=008  070606s2007\\\\xx\\\\\\\\\\\\000\0\und\d
=040  \\$aNLGGC$bdut$efobidrtb$cNLGGC
=020  \\$a9780415428255
=020  \\$a0415428254
=029  0\$aNLGGC$b303208066
=035  \\$a(OCoLC)1057308583
=049  \\$aNLVA
=100  1\$aLee, Chung Min.
=245  10$aAsia's Nuclear Futures.
=260  \\$aRoutledge,$c2007.
=300  \\$a240 p. ;$c24 cm.
=336  \\$atekst$btxt$2rdacontent/dut
=337  \\$azonder medium$bn$2rdamedia/dut
=338  \\$aband$bnc$2rdacarrier/dut
=994  \\$a93$bNLVRD
=994  \\$cDELETED$bNLVRD$dRemoved from collection customer.57439.40

