=LDR  00782dam a2200253Mi 4500
=001  on1057308603
=003  OCoLC
=005  20200523092520.9
=008  060620s2006\\\\xxk\\\\\\\\\\\000\0\eng\d
=040  \\$aNLGGC$bdut$efobidrtb$cNLGGC
=020  \\$a1850658145
=020  \\$a9781850658146
=029  0\$aNLGGC$b296105945
=035  \\$a(OCoLC)1057308603
=049  \\$aNLVA
=100  1\$aDorkenoo, Efua.$0(NL-LeOCL)097048941
=245  10$aFemale genital mutilation :$bpolitics and prevention /$cEfua Dorkenoo.
=260  \\$a[S.l.] :$bC. Hurst & Co,$c2006.
=300  \\$a176 p.
=336  \\$atekst$btxt$2rdacontent/dut
=337  \\$azonder medium$bn$2rdamedia/dut
=338  \\$aband$bnc$2rdacarrier/dut
=994  \\$a93$bNLVRD
=994  \\$cDELETED$bNLVRD$dRemoved from collection customer.57439.40

