=LDR  00725dam a2200241Mi 4500
=001  on1057308620
=003  OCoLC
=005  20200523092520.9
=008  070809s2007\\\\xx\\\\\\\\\\\\000\0\und\d
=040  \\$aNLGGC$bdut$efobidrtb$cNLGGC
=020  \\$a9780415418003
=020  \\$a0415418003
=029  0\$aNLGGC$b30393526X
=035  \\$a(OCoLC)1057308620
=049  \\$aNLVA
=100  1\$aDutta, Suchitra.
=245  10$aPolitical assassinations and international politics /$cSuchitra Dutta.
=260  \\$aRoutledge,$c2007.
=336  \\$atekst$btxt$2rdacontent/dut
=337  \\$azonder medium$bn$2rdamedia/dut
=338  \\$aband$bnc$2rdacarrier/dut
=994  \\$a93$bNLVRD
=994  \\$cDELETED$bNLVRD$dRemoved from collection customer.57439.40

