=LDR  00825dam a2200253Mi 4500
=001  on1057308674
=003  OCoLC
=005  20200523092520.9
=008  080401s2008\\\\enk\\\\\\\\\\\000\0\eng\d
=040  \\$aNLGGC$bdut$efobidrtb$cNLGGC
=020  \\$a9780415431200$q(hb)
=020  \\$a0415431204
=029  0\$aNLGGC$b308235355
=035  \\$a(OCoLC)1057308674
=049  \\$aNLVA
=245  00$aReconciliation in Post-Suharto Indonesia /$cby Priyambudi Sulistiyanto.
=260  \\$aLondon [etc.] :$bRoutledge,$c2008.
=300  \\$a.. p. :$bfig., tab. ;$c24 cm.
=336  \\$atekst$btxt$2rdacontent/dut
=337  \\$azonder medium$bn$2rdamedia/dut
=338  \\$aband$bnc$2rdacarrier/dut
=700  1\$aSulistiyanto, Priyambudi.$0(NL-LeOCL)201960273
=994  \\$a93$bNLVRD
=994  \\$cDELETED$bNLVRD$dRemoved from collection customer.57439.40

