=LDR  00846dam a2200277Mi 4500
=001  on1057308679
=003  OCoLC
=005  20200523092520.9
=008  080509s2008\\\\enk\\\\\\\\\\\000\0\eng\d
=040  \\$aNLGGC$bdut$efobidrtb$cNLGGC
=020  \\$a9780415366540
=020  \\$a0415366542
=029  0\$aNLGGC$b310205212
=035  \\$a(OCoLC)1057308679
=049  \\$aNLVA
=100  1\$aHays, Peter L.
=245  14$aThe US military and outer space :$bperspectives, plans and programs /$cPeter L. Hays.
=250  \\$a2nd ed.
=260  \\$aLondon :$bRoutledge,$c2008.
=300  \\$a240 p. ;$c24 cm.
=336  \\$atekst$btxt$2rdacontent/dut
=337  \\$azonder medium$bn$2rdamedia/dut
=338  \\$aband$bnc$2rdacarrier/dut
=490  0\$aSpace power and politics
=994  \\$a93$bNLVRD
=994  \\$cDELETED$bNLVRD$dRemoved from collection customer.57439.40

