=LDR  00725dam a2200253Mi 4500
=001  on1057308697
=003  OCoLC
=005  20200523092520.9
=008  080624s2003\\\\bn\\\\\\\\\\\\000\0\bos\d
=040  \\$aNLGGC$bdut$efobidrtb$cNLGGC
=020  \\$a9789958635250
=020  \\$a9958635259
=029  0\$aNLGGC$b311449743
=035  \\$a(OCoLC)1057308697
=049  \\$aNLVA
=100  1\$aTomic, Z.
=245  10$aKrivicno pravo :$bposebni deo /$cZ. Tomic.
=260  \\$aSarajevo :$bMagistrat,$c2003.
=300  \\$a384 p.
=336  \\$atekst$btxt$2rdacontent/dut
=337  \\$azonder medium$bn$2rdamedia/dut
=338  \\$aband$bnc$2rdacarrier/dut
=994  \\$a93$bNLVRD
=994  \\$cDELETED$bNLVRD$dRemoved from collection customer.57439.40

