=LDR  00738dam a2200241Mi 4500
=001  on1057308704
=003  OCoLC
=005  20200523092520.9
=008  080624s2006\\\\bw\\\\\\\\\\\\000\0\rus\d
=040  \\$aNLGGC$bdut$efobidrtb$cNLGGC
=020  \\$a9789854415345
=020  \\$a9854415341
=029  0\$aNLGGC$b31145254X
=035  \\$a(OCoLC)1057308704
=049  \\$aNLVA
=245  00$aUgolovno-ispolnitelʹnyj kodeks respubliki Belarusʹ :$bpo sostojaniju na 25.09.2006.
=260  \\$aMinsk :$bAmalfeja,$c2006.
=300  \\$a214 p.
=336  \\$atekst$btxt$2rdacontent/dut
=337  \\$azonder medium$bn$2rdamedia/dut
=338  \\$aband$bnc$2rdacarrier/dut
=994  \\$a93$bNLVRD
=994  \\$cDELETED$bNLVRD$dRemoved from collection customer.57439.40

