=LDR  00748dam a2200253Mi 4500
=001  on1057308706
=003  OCoLC
=005  20200523092521.2
=008  090122s2009\\\\xx\\\\\\\\\\\\000\0\und\d
=040  \\$aNLGGC$bdut$efobidrtb$cNLGGC
=020  \\$a9783406548789
=020  \\$a3406548784
=029  0\$aNLGGC$b316033626
=035  \\$a(OCoLC)1057308706
=049  \\$aNLVA
=100  1\$aPrinz von Sachsen Gessaphe.
=245  10$aRechtsvergleichung /$cPrinz von Sachsen Gessaphe.
=260  \\$aC.H. Beck,$c2009.
=300  \\$a350 p. ;$c.. cm.
=336  \\$atekst$btxt$2rdacontent/dut
=337  \\$azonder medium$bn$2rdamedia/dut
=338  \\$aband$bnc$2rdacarrier/dut
=994  \\$a93$bNLVRD
=994  \\$cDELETED$bNLVRD$dRemoved from collection customer.57439.40

