=LDR  00833dam a2200253Mi 4500
=001  on1057308718
=003  OCoLC
=005  20200523092521.4
=008  080527s2007\\\\ru\\\\\\\\\\\\000\0\rus\d
=040  \\$aNLGGC$bdut$efobidrtb$cNLGGC
=020  \\$a9785987042304
=020  \\$a5987042305
=029  0\$aNLGGC$b310495032
=035  \\$a(OCoLC)1057308718
=049  \\$aNLVA
=100  1\$aFedorov, V.N.$q(Vladimir Nikolaevič)$0(NL-LeOCL)073795879
=245  10$aOrganizacija Obedinennych Nacii, druge meždunarodnye organisacii i ich rolʹ v XXI veke /$cV.N. Fedorov.
=260  \\$aMoskva :$bLogos,$c2007.
=300  \\$a944 p.
=336  \\$atekst$btxt$2rdacontent/dut
=337  \\$azonder medium$bn$2rdamedia/dut
=338  \\$aband$bnc$2rdacarrier/dut
=994  \\$a93$bNLVRD
=994  \\$cDELETED$bNLVRD$dRemoved from collection customer.57439.40

