=LDR  00802dam a2200253Mi 4500
=001  on1057308719
=003  OCoLC
=005  20200523092521.7
=008  080612s2009\\\\xx\\\\\\\\\\\\000\0\und\d
=040  \\$aNLGGC$bdut$efobidrtb$cNLGGC
=020  \\$a9780415772532
=020  \\$a0415772532
=029  0\$aNLGGC$b310746914
=035  \\$a(OCoLC)1057308719
=049  \\$aNLVA
=100  1\$aDakolias, Maria.
=245  14$aThe rule of law: The justice sector and economic development (Economics of Legal Relationships) /$cMaria Dakolias.
=260  \\$aRoutledge,$c2009.
=300  \\$a256 p. ;$c24 cm.
=336  \\$atekst$btxt$2rdacontent/dut
=337  \\$azonder medium$bn$2rdamedia/dut
=338  \\$aband$bnc$2rdacarrier/dut
=994  \\$a93$bNLVRD
=994  \\$cDELETED$bNLVRD$dRemoved from collection customer.57439.40

