=LDR  00801dam a2200253Mi 4500
=001  on1057308728
=003  OCoLC
=005  20200523092521.1
=008  090331s2010\\\\enk\\\\\\\\\\\000\0\und\d
=040  \\$aNLGGC$bdut$efobidrtb$cNLGGC
=020  \\$a9781841139517
=020  \\$a1841139513
=029  0\$aNLGGC$b317707795
=035  \\$a(OCoLC)1057308728
=049  \\$aNLVA
=100  1\$aKadner Graziano, Thomas.
=245  14$aThe law applicable to non-contractual obligations in Europe /$cThomas Kadner Graziano.
=260  \\$aOxford :$bHart Publlications,$c2010.
=300  \\$a180 p. ;$c24 cm.
=336  \\$atekst$btxt$2rdacontent/dut
=337  \\$azonder medium$bn$2rdamedia/dut
=338  \\$aband$bnc$2rdacarrier/dut
=994  \\$a93$bNLVRD
=994  \\$cDELETED$bNLVRD$dRemoved from collection customer.57439.40

