=LDR  00786dam a2200253Mi 4500
=001  on1057308752
=003  OCoLC
=005  20200523092521.1
=008  080821s2008\\\\xx\\\\\\\\\\\\000\0\und\d
=040  \\$aNLGGC$bdut$efobidrtb$cNLGGC
=020  \\$a9780421957206
=020  \\$a0421957204
=029  0\$aNLGGC$b314140417
=035  \\$a(OCoLC)1057308752
=049  \\$aNLVA
=100  1\$aWadlow, Christopher.
=245  10$aEnforcement of Intellectual Property in European and International Law /$cChristopher Wadlow.
=250  \\$a2nd ed.
=260  \\$aSweet & Maxwell Ltd,$c2008.
=336  \\$atekst$btxt$2rdacontent/dut
=337  \\$azonder medium$bn$2rdamedia/dut
=338  \\$aband$bnc$2rdacarrier/dut
=994  \\$a93$bNLVRD
=994  \\$cDELETED$bNLVRD$dRemoved from collection customer.57439.40

