=LDR  00774dam a2200265Mi 4500
=001  on1057308801
=003  OCoLC
=005  20200523092521.2
=008  090122s2009\\\\xx\\\\\\\\\\\\000\0\und\d
=040  \\$aNLGGC$bdut$efobidrtb$cNLGGC
=020  \\$a9783406581458
=020  \\$a3406581455
=029  0\$aNLGGC$b316034703
=035  \\$a(OCoLC)1057308801
=049  \\$aNLVA
=100  1\$aWittibschlager.
=245  10$aEinführung in das schweizerische recht /$cWittibschlager.
=250  \\$a2. Auflage.
=260  \\$aC.H. Beck,$c2009.
=300  \\$a250 p. ;$c.. cm.
=336  \\$atekst$btxt$2rdacontent/dut
=337  \\$azonder medium$bn$2rdamedia/dut
=338  \\$aband$bnc$2rdacarrier/dut
=994  \\$a93$bNLVRD
=994  \\$cDELETED$bNLVRD$dRemoved from collection customer.57439.40

