=LDR  00800dam a2200265Mi 4500
=001  on1057309287
=003  OCoLC
=005  20200523092521.3
=008  090204s2009\\\\xx\\\\\\\\\\\\000\0\und\d
=040  \\$aNLGGC$bdut$efobidrtb$cNLGGC
=020  \\$a9781841137438
=020  \\$a184113743X
=029  0\$aNLGGC$b316199559
=035  \\$a(OCoLC)1057309287
=049  \\$aNLVA
=100  1\$aBaker, Aaron.
=245  10$aProportionality under the UK Human Rights act /$cAaron Baker.
=260  \\$aHart Publishing,$c2009.
=300  \\$a280 p. ;$c24 cm.
=336  \\$atekst$btxt$2rdacontent/dut
=337  \\$azonder medium$bn$2rdamedia/dut
=338  \\$aband$bnc$2rdacarrier/dut
=490  0\$aHuman rights law in perspective
=994  \\$a93$bNLVRD
=994  \\$cDELETED$bNLVRD$dRemoved from collection customer.57439.40

