=LDR  00795dam a2200265Mi 4500
=001  on1057309397
=003  OCoLC
=005  20200523092521.3
=008  090204s2009\\\\xx\\\\\\\\\\\\000\0\und\d
=040  \\$aNLGGC$bdut$efobidrtb$cNLGGC
=020  \\$a9781841138343
=020  \\$a1841138347
=029  0\$aNLGGC$b316199869
=035  \\$a(OCoLC)1057309397
=049  \\$aNLVA
=100  1\$aFrosini, Justin O.
=245  14$aThe constitution of Italy /$cJustin O. Frosini.
=260  \\$aHart Publishing,$c2009.
=300  \\$a234 p. ;$c24 cm.
=336  \\$atekst$btxt$2rdacontent/dut
=337  \\$azonder medium$bn$2rdamedia/dut
=338  \\$aband$bnc$2rdacarrier/dut
=490  0\$aConstitutional systems of the world
=994  \\$a93$bNLVRD
=994  \\$cDELETED$bNLVRD$dRemoved from collection customer.57439.40

