=LDR  00763dam a2200253Mi 4500
=001  on1057309535
=003  OCoLC
=005  20200523092521.4
=008  090217s2008\\\\pl\\\\\\\\\\\\000\0\pol\d
=040  \\$aNLGGC$bdut$efobidrtb$cNLGGC
=020  \\$a9788392293989
=020  \\$a8392293983
=029  0\$aNLGGC$b316678457
=035  \\$a(OCoLC)1057309535
=049  \\$aNLVA
=100  1\$aIsakowicz-Zaleski, Tadeusz.
=245  10$aPrzemilczane ludobójstwo na Kresach /$cTadeusz Isakowicz-Zaleski.
=260  \\$aKraków :$bMale,$c2008.
=300  \\$a175 p.
=336  \\$atekst$btxt$2rdacontent/dut
=337  \\$azonder medium$bn$2rdamedia/dut
=338  \\$aband$bnc$2rdacarrier/dut
=994  \\$a93$bNLVRD
=994  \\$cDELETED$bNLVRD$dRemoved from collection customer.57439.40

