=LDR  00682dam a2200241Mi 4500
=001  on1057309578
=003  OCoLC
=005  20200523092521.6
=008  090225s2008\\\\xx\\\\\\\\\\\\000\0\und\d
=040  \\$aNLGGC$bdut$efobidrtb$cNLGGC
=020  \\$a9781594602627
=020  \\$a159460262X
=029  0\$aNLGGC$b317152130
=035  \\$a(OCoLC)1057309578
=049  \\$aNLVA
=100  1\$aLeeds, S.L.
=245  10$aAmerican Indian property.
=260  \\$a[S.l.] :$b[s.n.],$c2008.
=336  \\$atekst$btxt$2rdacontent/dut
=337  \\$azonder medium$bn$2rdamedia/dut
=338  \\$aband$bnc$2rdacarrier/dut
=994  \\$a93$bNLVRD
=994  \\$cDELETED$bNLVRD$dRemoved from collection customer.57439.40

