=LDR  01011dam a2200313Mi 4500
=001  on1057311285
=003  OCoLC
=005  20200523092521.3
=008  160406s2016\\\\ru\\\\\\\\\\\\000\0\rus\d
=040  \\$aNLGGC$beng$erda$cNLGGC$dOCLCQ
=066  \\$c(N
=020  \\$a9785991205160
=020  \\$a5991205167
=029  0\$aNLGGC$b40202625X
=035  \\$a(OCoLC)1057311285
=049  \\$aNLVA
=100  1\$aPanarin, I.N.$4aut
=245  10$6880-01$aRusskij Krym i razval SŠA /$cI.N. Panarin.
=260  \\$6880-02$aMoskva :$bGorjačaja Linija,$c2016.
=264  \4$c©2016
=300  \\$a238 pages ;$ccm.
=336  \\$atext$btxt$2rdacontent
=337  \\$aunmediated$bn$2rdamedia
=338  \\$avolume$bnc$2rdacarrier
=588  \\$aNon-Latin script generated programmatically.
=880  10$6245-01/(N$aRusskij Krym i razval SŠA /$cИ.Н. Панарин.
=880  \\$6260-02/(N$aМосква :$bGorjačaja Linija,$c2016.
=994  \\$a93$bNLVRD
=994  \\$cDELETED$bNLVRD$dRemoved from collection customer.57439.40

