=LDR  00843dam a2200265Mi 4500
=001  on1057311424
=003  OCoLC
=005  20200523092521.3
=008  160406s2012\\\\un\\\\\\\\\\\\000\0\ukr\d
=040  \\$aNLGGC$beng$erda$cNLGGC
=020  \\$a9789660265899
=020  \\$a9660265891
=029  0\$aNLGGC$b40202348X
=035  \\$a(OCoLC)1057311424
=049  \\$aNLVA
=100  1\$aMatvieieva, L.V.$4aut
=245  10$aSuspil'no-politychni transformacji v krajinach Schodu na sučasnomu etapi /$cL.V. Matvieieva.
=260  \\$aKyjiv: Instytut schodoznavstva im. A. Kryms'koho NAN Ukrajiny,$c2012.
=264  \4$c©2012
=300  \\$a218 pages ;$ccm.
=336  \\$atext$btxt$2rdacontent
=337  \\$aunmediated$bn$2rdamedia
=338  \\$avolume$bnc$2rdacarrier
=994  \\$a93$bNLVRD
=994  \\$cDELETED$bNLVRD$dRemoved from collection customer.57439.40

