=LDR  01170dam a2200313Mi 4500
=001  on1057311592
=003  OCoLC
=005  20200523092521.3
=008  160406s2015\\\\ru\\\\\\\\\\\\000\0\rus\d
=040  \\$aNLGGC$beng$erda$cNLGGC$dOCLCQ
=066  \\$c(N
=020  \\$a9785922811842
=020  \\$a5922811843
=029  0\$aNLGGC$b402026624
=035  \\$a(OCoLC)1057311592
=049  \\$aNLVA
=100  1\$aTokarev, A.A.$4aut
=245  10$6880-01$aVlijanie gosudarstvennosti na evoljuciju političeskich režimov Gruzii i Ukrainy v 1991-2014 godach :$bmonografija /$cA.A. Tokarev.
=260  \\$6880-02$aMoskva :$bMGIMO,$c2015.
=264  \4$c©2015
=300  \\$a310 pages ;$ccm.
=336  \\$atext$btxt$2rdacontent
=337  \\$aunmediated$bn$2rdamedia
=338  \\$avolume$bnc$2rdacarrier
=588  \\$aNon-Latin script generated programmatically.
=880  10$6245-01/(N$aVlijanie gosudarstvennosti na evoljuciju političeskich režimov Gruzii i Ukrainy v 1991-2014 godach :$bmonografija /$cА.А. Токарев.
=880  \\$6260-02/(N$aМосква :$bМГИМО,$c2015.
=994  \\$a93$bNLVRD
=994  \\$cDELETED$bNLVRD$dRemoved from collection customer.57439.40

