=LDR  00909dam a2200265Mi 4500
=001  on1057311597
=003  OCoLC
=005  20200523092521.3
=008  160415s2015\\\\ru\\\\\\\\\\\\000\0\rus\d
=040  \\$aNLGGC$beng$erda$cNLGGC$dOCLCQ
=066  \\$c(N
=029  0\$aNLGGC$b402190246
=035  \\$a(OCoLC)1057311597
=049  \\$aNLVA
=245  00$aKsenofobija, svoboda sovesti i antiekstremizm v Rossii v 2014 godu :$bsbornik ežegodnych dokladov Informacionno-analitičeskogo centra "SOVA"
=260  \\$6880-01$aMoskva :$bNorma,$c2015.
=264  \4$c©2015
=300  \\$a174 pages ;$ccm.
=336  \\$atext$btxt$2rdacontent
=337  \\$aunmediated$bn$2rdamedia
=338  \\$avolume$bnc$2rdacarrier
=588  \\$aNon-Latin script generated programmatically.
=880  \\$6260-01/(N$aМосква :$bНорма,$c2015.
=994  \\$a93$bNLVRD
=994  \\$cDELETED$bNLVRD$dRemoved from collection customer.57439.40

