=LDR  00818dam a2200265Mi 4500
=001  on1057311618
=003  OCoLC
=005  20200523092521.3
=008  160406s2016\\\\un\\\\\\\\\\\\000\0\ukr\d
=040  \\$aNLGGC$beng$erda$cNLGGC
=020  \\$a9786177266531
=020  \\$a6177266533
=029  0\$aNLGGC$b402022203
=035  \\$a(OCoLC)1057311618
=049  \\$aNLVA
=100  1\$aZaminius, K.K.$4aut
=245  10$aMonitorynh nezakonnoho nasyl'stva v orhanach vnutrišnich sprav Ukrajiny (2004-2015 rr.) /$cK.K. Zaminius.
=260  \\$aKhar'kov :$bPrava Ljudiny,$c2016.
=264  \4$c©2016
=300  \\$a277 pages ;$ccm.
=336  \\$atext$btxt$2rdacontent
=337  \\$aunmediated$bn$2rdamedia
=338  \\$avolume$bnc$2rdacarrier
=994  \\$a93$bNLVRD
=994  \\$cDELETED$bNLVRD$dRemoved from collection customer.57439.40

