=LDR  01167dam a2200313Mi 4500
=001  on1057311636
=003  OCoLC
=005  20200523092521.3
=008  160406s2014\\\\ru\\\\\\\\\\\\000\0\rus\d
=040  \\$aNLGGC$beng$erda$cNLGGC$dOCLCQ
=066  \\$c(N
=020  \\$a9785804103324
=020  \\$a5804103326
=029  0\$aNLGGC$b40202835X
=035  \\$a(OCoLC)1057311636
=049  \\$aNLVA
=100  1\$aRodin, S.S.$4aut
=245  10$6880-01$aPovodyri ukrainskogo separatizma :$bkonspirologija "samostijničestva" /$cS.S. Rodin.
=260  \\$6880-02$aSankt-Peterburg :$bRusskoe imperskoe dviženie,$c2014.
=264  \4$c©2014
=300  \\$a233 pages ;$ccm.
=336  \\$atext$btxt$2rdacontent
=337  \\$aunmediated$bn$2rdamedia
=338  \\$avolume$bnc$2rdacarrier
=588  \\$aNon-Latin script generated programmatically.
=880  10$6245-01/(N$aПоводыри украинского сепаратизма :$bkonspirologija "samostijničestva" /$cС.С. Родин.
=880  \\$6260-02/(N$aСанкт-Петербург :$bRusskoe imperskoe dviženie,$c2014.
=994  \\$a93$bNLVRD
=994  \\$cDELETED$bNLVRD$dRemoved from collection customer.57439.40

