=LDR  00767dam a2200253Mi 4500
=001  on1057311652
=003  OCoLC
=005  20200523092521.3
=008  160413s2016\\\\mau\\\\\\\\\\\000\0\und\d
=040  \\$aNLGGC$beng$erda$cNLGGC
=020  \\$a9781783470983
=020  \\$a1783470984
=029  0\$aNLGGC$b402129814
=035  \\$a(OCoLC)1057311652
=049  \\$aNLVA
=100  1\$aHowse, Robert.$4aut
=245  10$aDefragmenting International Investment Law.
=260  \\$aCheltenham, UK ;$aNorthampton, MA, USA :$bEdward Elgar Publishing,$c2016.
=300  \\$apages ;$ccm.
=336  \\$atext$btxt$2rdacontent
=337  \\$aunmediated$bn$2rdamedia
=338  \\$avolume$bnc$2rdacarrier
=994  \\$a93$bNLVRD
=994  \\$cDELETED$bNLVRD$dRemoved from collection customer.57439.40

