=LDR  00743dam a2200253Mi 4500
=001  on1057314007
=003  OCoLC
=005  20200523092521.4
=008  180614s2018\\\\enk\\\\\\\\\\\000\0\und\d
=040  \\$aNLGGC$beng$erda$cNLGGC$dILPML
=020  \\$a9781780766041
=020  \\$a1780766041
=029  0\$aNLGGC$b418227683
=035  \\$a(OCoLC)1057314007
=049  \\$aNLVA
=100  1\$aMillett, Allan Reed.$4aut
=245  12$aA short history of the Korean War /$cAllan R. Millet.
=260  \\$aLondon :$bI.B. Tauris,$c2018.
=300  \\$a256 pages
=336  \\$atext$btxt$2rdacontent
=337  \\$aunmediated$bn$2rdamedia
=338  \\$avolume$bnc$2rdacarrier
=994  \\$a93$bNLVRD
=994  \\$cDELETED$bNLVRD$dRemoved from collection customer.57439.40

