=LDR  00738dam a2200253Mi 4500
=001  on1057314008
=003  OCoLC
=005  20200523092521.4
=008  180614s2018\\\\enk\\\\\\\\\\\000\0\und\d
=040  \\$aNLGGC$beng$erda$cNLGGC
=020  \\$a9781784538224
=020  \\$a1784538221
=029  0\$aNLGGC$b418227950
=035  \\$a(OCoLC)1057314008
=049  \\$aNLVA
=100  1\$aTasch, Jeremy.
=245  10$aContesting Eurasia :$bpolitics, culture and place /$cJeremy Tasch.
=260  \\$aLondon :$bI.B. Tauris,$c2018.
=300  \\$a288 pages
=336  \\$atext$btxt$2rdacontent
=337  \\$aunmediated$bn$2rdamedia
=338  \\$avolume$bnc$2rdacarrier
=994  \\$a93$bNLVRD
=994  \\$cDELETED$bNLVRD$dRemoved from collection customer.57439.40

